timestamp,ask1_price,bid1_price,midprice
2026-03-02 12:00:00.013784107,265.91,265.88,265.895
2026-03-02 12:00:00.020758854,265.91,265.88,265.895
2026-03-02 12:00:00.022836283,265.91,265.88,265.895
2026-03-02 12:00:00.030056250,265.91,265.88,265.895
2026-03-02 12:00:00.036864520,265.91,265.88,265.895
2026-03-02 12:00:00.036908554,265.91,265.88,265.895
2026-03-02 12:00:00.036983444,265.91,265.88,265.895
2026-03-02 12:00:00.038190054,265.91,265.88,265.895
2026-03-02 12:00:00.038231768,265.9,265.88,265.89
2026-03-02 12:00:00.038235519,265.9,265.88,265.89
2026-03-02 12:00:00.038247842,265.9,265.88,265.89
2026-03-02 12:00:00.038257375,265.9,265.88,265.89
2026-03-02 12:00:00.038258646,265.9,265.88,265.89
2026-03-02 12:00:00.038260675,265.9,265.88,265.89
2026-03-02 12:00:00.038291157,265.9,265.88,265.89
2026-03-02 12:00:00.038292449,265.9,265.88,265.89
2026-03-02 12:00:00.038296175,265.9,265.88,265.89
2026-03-02 12:00:00.038300976,265.9,265.87,265.885
2026-03-02 12:00:00.038303125,265.9,265.87,265.885
2026-03-02 12:00:00.038304614,265.9,265.87,265.885
2026-03-02 12:00:00.038307901,265.9,265.87,265.885
2026-03-02 12:00:00.038309606,265.9,265.87,265.885
2026-03-02 12:00:00.038312910,265.9,265.87,265.885
2026-03-02 12:00:00.038326463,265.89,265.87,265.88
2026-03-02 12:00:00.038326658,265.89,265.87,265.88
2026-03-02 12:00:00.038342583,265.89,265.87,265.88
2026-03-02 12:00:00.038353255,265.89,265.87,265.88
2026-03-02 12:00:00.038353481,265.89,265.87,265.88
2026-03-02 12:00:00.038362362,265.89,265.87,265.88
2026-03-02 12:00:00.038363618,265.89,265.87,265.88
2026-03-02 12:00:00.038392203,265.89,265.87,265.88
2026-03-02 12:00:00.038393209,265.89,265.87,265.88
2026-03-02 12:00:00.038393338,265.89,265.87,265.88
2026-03-02 12:00:00.038411173,265.89,265.87,265.88
2026-03-02 12:00:00.038434018,265.89,265.87,265.88
2026-03-02 12:00:00.038434530,265.89,265.87,265.88
2026-03-02 12:00:00.038451330,265.89,265.87,265.88
2026-03-02 12:00:00.038452735,265.89,265.87,265.88
2026-03-02 12:00:00.038454673,265.89,265.87,265.88
2026-03-02 12:00:00.038456368,265.89,265.87,265.88
2026-03-02 12:00:00.038456769,265.89,265.87,265.88
2026-03-02 12:00:00.038506116,265.89,265.87,265.88
2026-03-02 12:00:00.038506352,265.89,265.87,265.88
2026-03-02 12:00:00.038564715,265.89,265.87,265.88
2026-03-02 12:00:00.038574547,265.89,265.87,265.88
2026-03-02 12:00:00.038613016,265.89,265.87,265.88
2026-03-02 12:00:00.038665878,265.89,265.87,265.88
2026-03-02 12:00:00.038666031,265.89,265.87,265.88
2026-03-02 12:00:00.038667101,265.89,265.87,265.88
2026-03-02 12:00:00.038667248,265.89,265.87,265.88
2026-03-02 12:00:00.038667440,265.89,265.87,265.88
2026-03-02 12:00:00.038729886,265.88,265.87,265.875
2026-03-02 12:00:00.038731279,265.88,265.87,265.875
2026-03-02 12:00:00.038732290,265.88,265.87,265.875
2026-03-02 12:00:00.038733595,265.88,265.87,265.875
2026-03-02 12:00:00.038735089,265.88,265.87,265.875
2026-03-02 12:00:00.038735393,265.88,265.87,265.875
2026-03-02 12:00:00.038756355,265.88,265.87,265.875
2026-03-02 12:00:00.038760185,265.88,265.87,265.875
2026-03-02 12:00:00.038883229,265.88,265.87,265.875
2026-03-02 12:00:00.039106419,265.88,265.87,265.875
2026-03-02 12:00:00.039232153,265.88,265.87,265.875
2026-03-02 12:00:00.039233119,265.88,265.87,265.875
2026-03-02 12:00:00.039233405,265.88,265.87,265.875
2026-03-02 12:00:00.039233544,265.88,265.87,265.875
2026-03-02 12:00:00.039233695,265.88,265.87,265.875
2026-03-02 12:00:00.039421698,265.88,265.87,265.875
2026-03-02 12:00:00.039436720,265.88,265.87,265.875
2026-03-02 12:00:00.040065779,265.88,265.87,265.875
2026-03-02 12:00:00.040065908,265.88,265.87,265.875
2026-03-02 12:00:00.040066220,265.88,265.87,265.875
2026-03-02 12:00:00.040066522,265.88,265.87,265.875
2026-03-02 12:00:00.040066731,265.88,265.87,265.875
2026-03-02 12:00:00.040771167,265.88,265.87,265.875
2026-03-02 12:00:00.040874599,265.88,265.87,265.875
2026-03-02 12:00:00.041461179,265.88,265.87,265.875
2026-03-02 12:00:00.041461447,265.88,265.87,265.875
2026-03-02 12:00:00.041461742,265.88,265.87,265.875
2026-03-02 12:00:00.041462712,265.88,265.87,265.875
2026-03-02 12:00:00.041462880,265.88,265.87,265.875
2026-03-02 12:00:00.042172887,265.88,265.87,265.875
2026-03-02 12:00:00.042173233,265.88,265.87,265.875
2026-03-02 12:00:00.042173409,265.88,265.87,265.875
2026-03-02 12:00:00.042173721,265.88,265.87,265.875
2026-03-02 12:00:00.042173930,265.88,265.87,265.875
2026-03-02 12:00:00.042223332,265.88,265.87,265.875
2026-03-02 12:00:00.042223618,265.88,265.87,265.875
2026-03-02 12:00:00.042224047,265.88,265.87,265.875
2026-03-02 12:00:00.042224239,265.88,265.87,265.875
2026-03-02 12:00:00.042225675,265.88,265.87,265.875
2026-03-02 12:00:00.043357218,265.88,265.87,265.875
2026-03-02 12:00:00.043586404,265.88,265.87,265.875
2026-03-02 12:00:00.043586690,265.88,265.87,265.875
2026-03-02 12:00:00.043587671,265.88,265.87,265.875
2026-03-02 12:00:00.043587808,265.88,265.87,265.875
2026-03-02 12:00:00.043587898,265.88,265.87,265.875
2026-03-02 12:00:00.043612289,265.88,265.87,265.875
2026-03-02 12:00:00.043612538,265.88,265.87,265.875
2026-03-02 12:00:00.043612750,265.88,265.87,265.875
2026-03-02 12:00:00.043612920,265.88,265.87,265.875
2026-03-02 12:00:00.043613168,265.88,265.87,265.875
2026-03-02 12:00:00.043636151,265.88,265.87,265.875
2026-03-02 12:00:00.043636263,265.88,265.87,265.875
2026-03-02 12:00:00.043636405,265.88,265.87,265.875
2026-03-02 12:00:00.043636547,265.88,265.87,265.875
2026-03-02 12:00:00.043636678,265.88,265.87,265.875
2026-03-02 12:00:00.044083994,265.88,265.87,265.875
2026-03-02 12:00:00.044084184,265.88,265.87,265.875
2026-03-02 12:00:00.044084382,265.88,265.87,265.875
2026-03-02 12:00:00.044084517,265.88,265.87,265.875
2026-03-02 12:00:00.044084694,265.88,265.87,265.875
2026-03-02 12:00:00.044125703,265.88,265.87,265.875
2026-03-02 12:00:00.044125940,265.88,265.87,265.875
2026-03-02 12:00:00.044126854,265.88,265.87,265.875
2026-03-02 12:00:00.044127199,265.88,265.87,265.875
2026-03-02 12:00:00.044127285,265.88,265.87,265.875
2026-03-02 12:00:00.044165269,265.88,265.87,265.875
2026-03-02 12:00:00.044166216,265.88,265.87,265.875
2026-03-02 12:00:00.044166352,265.88,265.87,265.875
2026-03-02 12:00:00.044166476,265.88,265.87,265.875
2026-03-02 12:00:00.044166607,265.88,265.87,265.875
2026-03-02 12:00:00.044188172,265.88,265.87,265.875
2026-03-02 12:00:00.044188472,265.88,265.87,265.875
2026-03-02 12:00:00.044188837,265.88,265.87,265.875
2026-03-02 12:00:00.044189018,265.88,265.87,265.875
2026-03-02 12:00:00.044189257,265.88,265.87,265.875
2026-03-02 12:00:00.045473069,265.88,265.87,265.875
2026-03-02 12:00:00.048405952,265.88,265.87,265.875
2026-03-02 12:00:00.048434643,265.88,265.87,265.875
2026-03-02 12:00:00.048782217,265.88,265.86,265.87
2026-03-02 12:00:00.048816415,265.88,265.86,265.87
2026-03-02 12:00:00.048817639,265.88,265.86,265.87
2026-03-02 12:00:00.048820147,265.87,265.86,265.865
2026-03-02 12:00:00.048820384,265.87,265.86,265.865
2026-03-02 12:00:00.048845788,265.87,265.86,265.865
2026-03-02 12:00:00.048846343,265.87,265.86,265.865
2026-03-02 12:00:00.048860443,265.87,265.86,265.865
2026-03-02 12:00:00.048866220,265.87,265.86,265.865
2026-03-02 12:00:00.048866612,265.87,265.86,265.865
2026-03-02 12:00:00.048880140,265.87,265.86,265.865
2026-03-02 12:00:00.048883216,265.87,265.86,265.865
2026-03-02 12:00:00.049077455,265.87,265.86,265.865
2026-03-02 12:00:00.049132128,265.87,265.86,265.865
2026-03-02 12:00:00.049162875,265.87,265.86,265.865
2026-03-02 12:00:00.049275922,265.87,265.86,265.865
2026-03-02 12:00:00.049276387,265.87,265.86,265.865
2026-03-02 12:00:00.049276591,265.87,265.86,265.865
2026-03-02 12:00:00.049276825,265.87,265.86,265.865
2026-03-02 12:00:00.049276989,265.87,265.86,265.865
2026-03-02 12:00:00.049530932,265.87,265.86,265.865
2026-03-02 12:00:00.049531084,265.87,265.86,265.865
2026-03-02 12:00:00.049531298,265.87,265.86,265.865
2026-03-02 12:00:00.049531435,265.87,265.86,265.865
2026-03-02 12:00:00.049531592,265.87,265.86,265.865
2026-03-02 12:00:00.049552954,265.87,265.86,265.865
2026-03-02 12:00:00.051947335,265.87,265.86,265.865
2026-03-02 12:00:00.051948250,265.87,265.86,265.865
2026-03-02 12:00:00.051948547,265.87,265.86,265.865
2026-03-02 12:00:00.051950528,265.87,265.86,265.865
2026-03-02 12:00:00.051950651,265.87,265.86,265.865
2026-03-02 12:00:00.052281333,265.87,265.86,265.865
2026-03-02 12:00:00.052356111,265.87,265.86,265.865
2026-03-02 12:00:00.052413787,265.87,265.86,265.865
2026-03-02 12:00:00.054742819,265.87,265.86,265.865
2026-03-02 12:00:00.054958644,265.87,265.86,265.865
2026-03-02 12:00:00.055223489,265.87,265.86,265.865
2026-03-02 12:00:00.061033412,265.87,265.86,265.865
2026-03-02 12:00:00.062738849,265.87,265.86,265.865
2026-03-02 12:00:00.062740306,265.87,265.86,265.865
2026-03-02 12:00:00.062743960,265.87,265.86,265.865
2026-03-02 12:00:00.069356692,265.87,265.86,265.865
2026-03-02 12:00:00.072113352,265.87,265.86,265.865
2026-03-02 12:00:00.072129737,265.87,265.86,265.865
2026-03-02 12:00:00.072235912,265.87,265.86,265.865
2026-03-02 12:00:00.073620913,265.87,265.86,265.865
2026-03-02 12:00:00.073718580,265.87,265.86,265.865
2026-03-02 12:00:00.074221152,265.87,265.86,265.865
2026-03-02 12:00:00.074279765,265.87,265.86,265.865
2026-03-02 12:00:00.074933305,265.88,265.86,265.87
2026-03-02 12:00:00.074966105,265.88,265.86,265.87
2026-03-02 12:00:00.075369955,265.88,265.86,265.87
2026-03-02 12:00:00.075382718,265.88,265.86,265.87
2026-03-02 12:00:00.086625822,265.88,265.86,265.87
2026-03-02 12:00:00.087887435,265.88,265.86,265.87
2026-03-02 12:00:00.087888878,265.88,265.86,265.87
2026-03-02 12:00:00.087889285,265.88,265.86,265.87
2026-03-02 12:00:00.087891222,265.88,265.86,265.87
2026-03-02 12:00:00.087891434,265.88,265.86,265.87
2026-03-02 12:00:00.091974884,265.88,265.86,265.87
2026-03-02 12:00:00.094663902,265.88,265.86,265.87
2026-03-02 12:00:00.094696228,265.88,265.86,265.87
2026-03-02 12:00:00.094708942,265.88,265.86,265.87
2026-03-02 12:00:00.095129694,265.88,265.86,265.87
2026-03-02 12:00:00.095963230,265.88,265.86,265.87
2026-03-02 12:00:00.095990186,265.88,265.86,265.87
2026-03-02 12:00:00.095997689,265.89,265.86,265.875
2026-03-02 12:00:00.096041724,265.89,265.86,265.875
2026-03-02 12:00:00.096042713,265.89,265.86,265.875
2026-03-02 12:00:00.096043805,265.89,265.86,265.875
2026-03-02 12:00:00.096044836,265.89,265.86,265.875
2026-03-02 12:00:00.096795791,265.89,265.86,265.875
2026-03-02 12:00:00.096839676,265.89,265.86,265.875
2026-03-02 12:00:00.096936837,265.89,265.86,265.875
2026-03-02 12:00:00.097540812,265.89,265.86,265.875
2026-03-02 12:00:00.097567011,265.89,265.86,265.875
2026-03-02 12:00:00.098050110,265.89,265.86,265.875
2026-03-02 12:00:00.098051099,265.89,265.86,265.875
2026-03-02 12:00:00.098051435,265.89,265.86,265.875
2026-03-02 12:00:00.098052706,265.89,265.86,265.875
2026-03-02 12:00:00.098052884,265.89,265.86,265.875
2026-03-02 12:00:00.098136615,265.89,265.86,265.875
2026-03-02 12:00:00.098136971,265.89,265.86,265.875
2026-03-02 12:00:00.098137493,265.89,265.86,265.875
2026-03-02 12:00:00.098137706,265.89,265.86,265.875
2026-03-02 12:00:00.098138457,265.89,265.86,265.875
2026-03-02 12:00:00.102772958,265.89,265.86,265.875
2026-03-02 12:00:00.125264254,265.89,265.86,265.875
2026-03-02 12:00:00.125298580,265.89,265.86,265.875
2026-03-02 12:00:00.125350112,265.88,265.86,265.87
2026-03-02 12:00:00.125375579,265.88,265.86,265.87
2026-03-02 12:00:00.125384710,265.88,265.86,265.87
2026-03-02 12:00:00.125398302,265.88,265.86,265.87
2026-03-02 12:00:00.125405668,265.88,265.86,265.87
2026-03-02 12:00:00.125466576,265.88,265.86,265.87
2026-03-02 12:00:00.125823006,265.88,265.86,265.87
2026-03-02 12:00:00.125823276,265.88,265.86,265.87
2026-03-02 12:00:00.125823664,265.88,265.86,265.87
2026-03-02 12:00:00.125826200,265.88,265.86,265.87
2026-03-02 12:00:00.125826393,265.88,265.86,265.87
2026-03-02 12:00:00.126123694,265.88,265.86,265.87
2026-03-02 12:00:00.126142046,265.88,265.86,265.87
2026-03-02 12:00:00.126288728,265.88,265.86,265.87
2026-03-02 12:00:00.126290405,265.88,265.86,265.87
2026-03-02 12:00:00.126290620,265.88,265.86,265.87
2026-03-02 12:00:00.126290716,265.88,265.86,265.87
2026-03-02 12:00:00.127530208,265.88,265.86,265.87
2026-03-02 12:00:00.128493022,265.88,265.86,265.87
2026-03-02 12:00:00.128582467,265.88,265.86,265.87
2026-03-02 12:00:00.130348831,265.88,265.86,265.87
2026-03-02 12:00:00.130382774,265.88,265.86,265.87
2026-03-02 12:00:00.130409752,265.88,265.86,265.87
2026-03-02 12:00:00.132153705,265.89,265.86,265.875
2026-03-02 12:00:00.132177225,265.89,265.86,265.875
2026-03-02 12:00:00.134082205,265.89,265.86,265.875
2026-03-02 12:00:00.134117761,265.89,265.86,265.875
2026-03-02 12:00:00.134154699,265.89,265.86,265.875
2026-03-02 12:00:00.135808717,265.89,265.86,265.875
2026-03-02 12:00:00.135810953,265.89,265.86,265.875
2026-03-02 12:00:00.135811966,265.89,265.86,265.875
2026-03-02 12:00:00.135812254,265.89,265.86,265.875
2026-03-02 12:00:00.135812493,265.89,265.86,265.875
2026-03-02 12:00:00.136364919,265.89,265.86,265.875
2026-03-02 12:00:00.136457776,265.89,265.86,265.875
2026-03-02 12:00:00.137051493,265.89,265.86,265.875
2026-03-02 12:00:00.137894560,265.89,265.86,265.875
2026-03-02 12:00:00.141742810,265.89,265.86,265.875
2026-03-02 12:00:00.141772343,265.89,265.86,265.875
2026-03-02 12:00:00.141795387,265.88,265.86,265.87
2026-03-02 12:00:00.141800323,265.88,265.86,265.87
2026-03-02 12:00:00.141848580,265.89,265.86,265.875
2026-03-02 12:00:00.141871347,265.89,265.87,265.88
2026-03-02 12:00:00.141874652,265.89,265.87,265.88
2026-03-02 12:00:00.141880816,265.89,265.87,265.88
2026-03-02 12:00:00.141882207,265.89,265.87,265.88
2026-03-02 12:00:00.141885673,265.89,265.87,265.88
2026-03-02 12:00:00.141894592,265.89,265.87,265.88
2026-03-02 12:00:00.141902349,265.89,265.87,265.88
2026-03-02 12:00:00.141913374,265.89,265.87,265.88
2026-03-02 12:00:00.141915104,265.9,265.87,265.885
2026-03-02 12:00:00.141922433,265.9,265.87,265.885
2026-03-02 12:00:00.141942916,265.9,265.87,265.885
2026-03-02 12:00:00.141973587,265.9,265.87,265.885
2026-03-02 12:00:00.142250034,265.9,265.87,265.885
2026-03-02 12:00:00.142255710,265.9,265.87,265.885
2026-03-02 12:00:00.142255934,265.9,265.87,265.885
2026-03-02 12:00:00.142257010,265.9,265.87,265.885
2026-03-02 12:00:00.142257357,265.9,265.87,265.885
2026-03-02 12:00:00.142257496,265.9,265.87,265.885
2026-03-02 12:00:00.142346466,265.9,265.87,265.885
2026-03-02 12:00:00.142369093,265.89,265.87,265.88
2026-03-02 12:00:00.142385053,265.89,265.87,265.88
2026-03-02 12:00:00.142385391,265.89,265.87,265.88
2026-03-02 12:00:00.142385689,265.89,265.87,265.88
2026-03-02 12:00:00.142385917,265.89,265.87,265.88
2026-03-02 12:00:00.142400506,265.89,265.87,265.88
2026-03-02 12:00:00.142576910,265.89,265.87,265.88
2026-03-02 12:00:00.144907668,265.89,265.87,265.88
2026-03-02 12:00:00.144907859,265.89,265.87,265.88
2026-03-02 12:00:00.144909067,265.89,265.87,265.88
2026-03-02 12:00:00.144909374,265.89,265.87,265.88
2026-03-02 12:00:00.145877450,265.89,265.87,265.88
2026-03-02 12:00:00.147531411,265.89,265.87,265.88
2026-03-02 12:00:00.151698990,265.9,265.87,265.885
2026-03-02 12:00:00.151720939,265.9,265.88,265.89
2026-03-02 12:00:00.151726110,265.9,265.88,265.89
2026-03-02 12:00:00.151729100,265.9,265.88,265.89
2026-03-02 12:00:00.151734723,265.9,265.88,265.89
2026-03-02 12:00:00.151735960,265.9,265.88,265.89
2026-03-02 12:00:00.151743441,265.9,265.88,265.89
2026-03-02 12:00:00.151748668,265.9,265.88,265.89
2026-03-02 12:00:00.151941986,265.9,265.88,265.89
2026-03-02 12:00:00.152161166,265.9,265.88,265.89
2026-03-02 12:00:00.152170021,265.9,265.88,265.89
2026-03-02 12:00:00.152171610,265.9,265.88,265.89
2026-03-02 12:00:00.152219746,265.91,265.88,265.895
2026-03-02 12:00:00.152245296,265.91,265.88,265.895
2026-03-02 12:00:00.152301468,265.91,265.88,265.895
2026-03-02 12:00:00.152302359,265.91,265.88,265.895
2026-03-02 12:00:00.152312428,265.91,265.88,265.895
2026-03-02 12:00:00.152454523,265.91,265.88,265.895
2026-03-02 12:00:00.152455486,265.91,265.88,265.895
2026-03-02 12:00:00.152455761,265.91,265.88,265.895
2026-03-02 12:00:00.152456029,265.91,265.88,265.895
2026-03-02 12:00:00.152744891,265.91,265.88,265.895
2026-03-02 12:00:00.152745055,265.91,265.88,265.895
2026-03-02 12:00:00.152746164,265.91,265.88,265.895
2026-03-02 12:00:00.152746329,265.91,265.88,265.895
2026-03-02 12:00:00.152746486,265.91,265.88,265.895
2026-03-02 12:00:00.152799846,265.91,265.88,265.895
2026-03-02 12:00:00.152833321,265.91,265.88,265.895
2026-03-02 12:00:00.152834133,265.91,265.88,265.895
2026-03-02 12:00:00.153009009,265.91,265.88,265.895
2026-03-02 12:00:00.153009218,265.91,265.88,265.895
2026-03-02 12:00:00.153009491,265.91,265.88,265.895
2026-03-02 12:00:00.153009609,265.91,265.88,265.895
2026-03-02 12:00:00.153009904,265.91,265.88,265.895
2026-03-02 12:00:00.153245002,265.91,265.88,265.895
2026-03-02 12:00:00.153245822,265.91,265.88,265.895
2026-03-02 12:00:00.153246201,265.91,265.88,265.895
2026-03-02 12:00:00.153246398,265.91,265.88,265.895
2026-03-02 12:00:00.153250462,265.91,265.88,265.895
2026-03-02 12:00:00.153250715,265.91,265.88,265.895
2026-03-02 12:00:00.153250917,265.91,265.88,265.895
2026-03-02 12:00:00.153251171,265.91,265.88,265.895
2026-03-02 12:00:00.153251506,265.91,265.88,265.895
2026-03-02 12:00:00.153314654,265.91,265.88,265.895
2026-03-02 12:00:00.153314921,265.91,265.88,265.895
2026-03-02 12:00:00.153315238,265.91,265.88,265.895
2026-03-02 12:00:00.153315529,265.91,265.88,265.895
2026-03-02 12:00:00.153586568,265.91,265.88,265.895
2026-03-02 12:00:00.153587508,265.91,265.88,265.895
2026-03-02 12:00:00.153587756,265.91,265.88,265.895
2026-03-02 12:00:00.153587971,265.91,265.88,265.895
2026-03-02 12:00:00.153625610,265.91,265.88,265.895
2026-03-02 12:00:00.153625915,265.91,265.88,265.895
2026-03-02 12:00:00.153626264,265.91,265.88,265.895
2026-03-02 12:00:00.153626551,265.91,265.88,265.895
2026-03-02 12:00:00.154766582,265.91,265.88,265.895
2026-03-02 12:00:00.154880775,265.91,265.88,265.895
2026-03-02 12:00:00.154946196,265.91,265.88,265.895
2026-03-02 12:00:00.155414325,265.91,265.88,265.895
2026-03-02 12:00:00.155415185,265.91,265.88,265.895
2026-03-02 12:00:00.155415312,265.91,265.88,265.895
2026-03-02 12:00:00.155416461,265.91,265.88,265.895
2026-03-02 12:00:00.155416582,265.91,265.88,265.895
2026-03-02 12:00:00.156233662,265.91,265.88,265.895
2026-03-02 12:00:00.156350273,265.91,265.88,265.895
2026-03-02 12:00:00.156971435,265.91,265.88,265.895
2026-03-02 12:00:00.162774025,265.91,265.88,265.895
2026-03-02 12:00:00.178781628,265.91,265.88,265.895
2026-03-02 12:00:00.196642322,265.91,265.88,265.895
2026-03-02 12:00:00.197795856,265.91,265.88,265.895
2026-03-02 12:00:00.241699822,265.91,265.88,265.895
2026-03-02 12:00:00.307706950,265.91,265.88,265.895
2026-03-02 12:00:00.308771439,265.91,265.88,265.895
2026-03-02 12:00:00.318204356,265.91,265.88,265.895
2026-03-02 12:00:00.318294813,265.91,265.88,265.895
2026-03-02 12:00:00.318363990,265.91,265.88,265.895
2026-03-02 12:00:00.318386024,265.91,265.88,265.895
2026-03-02 12:00:00.318405413,265.91,265.88,265.895
2026-03-02 12:00:00.318499588,265.91,265.88,265.895
2026-03-02 12:00:00.318676284,265.91,265.88,265.895
2026-03-02 12:00:00.318680125,265.91,265.89,265.9
2026-03-02 12:00:00.318868244,265.91,265.89,265.9
2026-03-02 12:00:00.318915654,265.91,265.89,265.9
2026-03-02 12:00:00.318950125,265.91,265.89,265.9
2026-03-02 12:00:00.318956003,265.91,265.89,265.9
2026-03-02 12:00:00.319007345,265.91,265.89,265.9
2026-03-02 12:00:00.319080777,265.91,265.89,265.9
2026-03-02 12:00:00.319165654,265.91,265.89,265.9
2026-03-02 12:00:00.319313860,265.91,265.89,265.9
2026-03-02 12:00:00.319329613,265.91,265.89,265.9
2026-03-02 12:00:00.319641662,265.91,265.89,265.9
2026-03-02 12:00:00.319641938,265.91,265.89,265.9
2026-03-02 12:00:00.319642243,265.91,265.89,265.9
2026-03-02 12:00:00.319644805,265.91,265.89,265.9
2026-03-02 12:00:00.319645012,265.91,265.89,265.9
2026-03-02 12:00:00.319827005,265.92,265.89,265.905
2026-03-02 12:00:00.319914686,265.92,265.89,265.905
2026-03-02 12:00:00.320101221,265.92,265.89,265.905
2026-03-02 12:00:00.321925483,265.92,265.89,265.905
2026-03-02 12:00:00.321928275,265.92,265.89,265.905
2026-03-02 12:00:00.321928482,265.92,265.89,265.905
2026-03-02 12:00:00.321928580,265.92,265.89,265.905
2026-03-02 12:00:00.322329157,265.92,265.89,265.905
2026-03-02 12:00:00.322330113,265.92,265.89,265.905
2026-03-02 12:00:00.322330329,265.92,265.89,265.905
2026-03-02 12:00:00.322330544,265.92,265.89,265.905
2026-03-02 12:00:00.323135606,265.92,265.89,265.905
2026-03-02 12:00:00.323282458,265.92,265.89,265.905
2026-03-02 12:00:00.323836049,265.92,265.89,265.905
2026-03-02 12:00:00.325490362,265.92,265.89,265.905
2026-03-02 12:00:00.327024709,265.92,265.89,265.905
2026-03-02 12:00:00.327320241,265.92,265.89,265.905
2026-03-02 12:00:00.327332856,265.92,265.89,265.905
2026-03-02 12:00:00.327424450,265.92,265.89,265.905
2026-03-02 12:00:00.327577394,265.92,265.89,265.905
2026-03-02 12:00:00.331955608,265.92,265.89,265.905
2026-03-02 12:00:00.332417919,265.92,265.89,265.905
2026-03-02 12:00:00.333024374,265.92,265.89,265.905
2026-03-02 12:00:00.342738714,265.92,265.89,265.905
2026-03-02 12:00:00.348072698,265.92,265.89,265.905
2026-03-02 12:00:00.362762914,265.92,265.89,265.905
2026-03-02 12:00:00.366529791,265.92,265.89,265.905
2026-03-02 12:00:00.366554058,265.92,265.89,265.905
2026-03-02 12:00:00.461425875,265.92,265.89,265.905
2026-03-02 12:00:00.461430855,265.92,265.89,265.905
2026-03-02 12:00:00.461450599,265.92,265.89,265.905
2026-03-02 12:00:00.461457204,265.92,265.89,265.905
2026-03-02 12:00:00.461461728,265.92,265.89,265.905
2026-03-02 12:00:00.461473878,265.92,265.89,265.905
2026-03-02 12:00:00.461493760,265.92,265.89,265.905
2026-03-02 12:00:00.461496574,265.92,265.89,265.905
2026-03-02 12:00:00.465203590,265.92,265.89,265.905
2026-03-02 12:00:00.465235531,265.92,265.89,265.905
2026-03-02 12:00:00.473239317,265.92,265.89,265.905
2026-03-02 12:00:00.477311454,265.92,265.89,265.905
2026-03-02 12:00:00.477388004,265.92,265.89,265.905
2026-03-02 12:00:00.483594878,265.92,265.89,265.905
2026-03-02 12:00:00.660669701,265.92,265.88,265.9
2026-03-02 12:00:00.660699734,265.92,265.88,265.9
2026-03-02 12:00:00.660707725,265.91,265.88,265.895
2026-03-02 12:00:00.660709149,265.91,265.88,265.895
2026-03-02 12:00:00.660710839,265.91,265.88,265.895
2026-03-02 12:00:00.660717612,265.91,265.88,265.895
2026-03-02 12:00:00.660731071,265.91,265.88,265.895
2026-03-02 12:00:00.660737825,265.91,265.88,265.895
2026-03-02 12:00:00.660738140,265.91,265.88,265.895
2026-03-02 12:00:00.660748976,265.91,265.88,265.895
2026-03-02 12:00:00.660753190,265.91,265.88,265.895
2026-03-02 12:00:00.660754768,265.91,265.88,265.895
2026-03-02 12:00:00.660765804,265.91,265.88,265.895
2026-03-02 12:00:00.660766895,265.91,265.87,265.89
2026-03-02 12:00:00.660782922,265.91,265.87,265.89
2026-03-02 12:00:00.660817897,265.91,265.87,265.89
2026-03-02 12:00:00.660819385,265.9,265.87,265.885
2026-03-02 12:00:00.660843179,265.9,265.87,265.885
2026-03-02 12:00:00.660853245,265.9,265.87,265.885
2026-03-02 12:00:00.660858965,265.9,265.87,265.885
2026-03-02 12:00:00.660873613,265.9,265.87,265.885
2026-03-02 12:00:00.660900288,265.9,265.87,265.885
2026-03-02 12:00:00.661045261,265.9,265.87,265.885
2026-03-02 12:00:00.661097534,265.9,265.87,265.885
2026-03-02 12:00:00.661098558,265.9,265.87,265.885
2026-03-02 12:00:00.661099702,265.9,265.87,265.885
2026-03-02 12:00:00.661100068,265.9,265.87,265.885
2026-03-02 12:00:00.661102162,265.9,265.87,265.885
2026-03-02 12:00:00.661182286,265.9,265.87,265.885
2026-03-02 12:00:00.661203132,265.9,265.87,265.885
2026-03-02 12:00:00.661251040,265.9,265.87,265.885
2026-03-02 12:00:00.661415280,265.9,265.87,265.885
2026-03-02 12:00:00.661682834,265.9,265.87,265.885
2026-03-02 12:00:00.661685489,265.9,265.87,265.885
2026-03-02 12:00:00.661685675,265.9,265.87,265.885
2026-03-02 12:00:00.661686841,265.9,265.87,265.885
2026-03-02 12:00:00.661688054,265.9,265.87,265.885
2026-03-02 12:00:00.661688272,265.9,265.87,265.885
2026-03-02 12:00:00.661725727,265.9,265.87,265.885
2026-03-02 12:00:00.661751794,265.9,265.87,265.885
2026-03-02 12:00:00.661752752,265.9,265.87,265.885
2026-03-02 12:00:00.661752981,265.9,265.87,265.885
2026-03-02 12:00:00.661753330,265.9,265.87,265.885
2026-03-02 12:00:00.661753424,265.9,265.87,265.885
2026-03-02 12:00:00.662179990,265.9,265.87,265.885
2026-03-02 12:00:00.662180284,265.9,265.87,265.885
2026-03-02 12:00:00.662180574,265.9,265.87,265.885
2026-03-02 12:00:00.662181709,265.9,265.87,265.885
2026-03-02 12:00:00.662181955,265.9,265.87,265.885
2026-03-02 12:00:00.662275414,265.9,265.87,265.885
2026-03-02 12:00:00.662312312,265.9,265.87,265.885
2026-03-02 12:00:00.662317056,265.9,265.87,265.885
2026-03-02 12:00:00.663067837,265.9,265.87,265.885
2026-03-02 12:00:00.663084563,265.9,265.87,265.885
2026-03-02 12:00:00.663087124,265.9,265.87,265.885
2026-03-02 12:00:00.663087417,265.9,265.87,265.885
2026-03-02 12:00:00.663087790,265.9,265.87,265.885
2026-03-02 12:00:00.663088055,265.9,265.87,265.885
2026-03-02 12:00:00.663089042,265.9,265.87,265.885
2026-03-02 12:00:00.668633330,265.9,265.88,265.89
2026-03-02 12:00:00.668662453,265.9,265.88,265.89
2026-03-02 12:00:00.668678113,265.9,265.88,265.89
2026-03-02 12:00:00.672145013,265.9,265.88,265.89
2026-03-02 12:00:00.672176200,265.9,265.88,265.89
2026-03-02 12:00:00.672211378,265.9,265.88,265.89
2026-03-02 12:00:00.673782379,265.9,265.88,265.89
2026-03-02 12:00:00.673844471,265.9,265.88,265.89
2026-03-02 12:00:00.673998381,265.9,265.88,265.89
2026-03-02 12:00:00.675244266,265.9,265.88,265.89
2026-03-02 12:00:00.676613424,265.9,265.87,265.885
2026-03-02 12:00:00.676649214,265.9,265.87,265.885
2026-03-02 12:00:00.676653312,265.9,265.87,265.885
2026-03-02 12:00:00.676662682,265.9,265.87,265.885
2026-03-02 12:00:00.676674016,265.9,265.87,265.885
2026-03-02 12:00:00.676675487,265.9,265.86,265.88
2026-03-02 12:00:00.676692289,265.9,265.86,265.88
2026-03-02 12:00:00.676711388,265.9,265.86,265.88
2026-03-02 12:00:00.679410180,265.9,265.86,265.88
2026-03-02 12:00:00.679411145,265.9,265.86,265.88
2026-03-02 12:00:00.679411324,265.9,265.86,265.88
2026-03-02 12:00:00.679412448,265.9,265.86,265.88
2026-03-02 12:00:00.679412655,265.9,265.86,265.88
2026-03-02 12:00:00.688282911,265.9,265.86,265.88
2026-03-02 12:00:00.778592549,265.9,265.86,265.88
2026-03-02 12:00:00.870048041,265.89,265.86,265.875
2026-03-02 12:00:00.870070835,265.89,265.86,265.875
2026-03-02 12:00:00.870073749,265.89,265.86,265.875
2026-03-02 12:00:00.870100926,265.89,265.86,265.875
2026-03-02 12:00:00.870101693,265.89,265.86,265.875
2026-03-02 12:00:00.870138682,265.89,265.86,265.875
2026-03-02 12:00:00.968405465,265.89,265.86,265.875
2026-03-02 12:00:00.968433068,265.89,265.86,265.875
2026-03-02 12:00:00.974193567,265.89,265.86,265.875
2026-03-02 12:00:00.976881651,265.89,265.86,265.875
2026-03-02 12:00:00.976925801,265.89,265.86,265.875
2026-03-02 12:00:01.108515736,265.89,265.86,265.875
2026-03-02 12:00:01.108571255,265.89,265.86,265.875
2026-03-02 12:00:01.109592851,265.89,265.86,265.875
2026-03-02 12:00:01.109788295,265.89,265.86,265.875
2026-03-02 12:00:01.110999001,265.89,265.86,265.875
2026-03-02 12:00:01.111031171,265.89,265.86,265.875
2026-03-02 12:00:01.111042946,265.89,265.86,265.875
2026-03-02 12:00:01.111056120,265.89,265.86,265.875
2026-03-02 12:00:01.111058897,265.89,265.86,265.875
2026-03-02 12:00:01.111067272,265.89,265.86,265.875
2026-03-02 12:00:01.111082189,265.89,265.86,265.875
2026-03-02 12:00:01.111109972,265.89,265.86,265.875
2026-03-02 12:00:01.111602421,265.89,265.86,265.875
2026-03-02 12:00:01.111634806,265.88,265.86,265.87
2026-03-02 12:00:01.111658598,265.88,265.86,265.87
2026-03-02 12:00:01.111662196,265.88,265.86,265.87
2026-03-02 12:00:01.111669553,265.88,265.86,265.87
2026-03-02 12:00:01.111696948,265.88,265.86,265.87
2026-03-02 12:00:01.111711524,265.88,265.86,265.87
2026-03-02 12:00:01.111722428,265.88,265.86,265.87
2026-03-02 12:00:01.111737636,265.88,265.86,265.87
2026-03-02 12:00:01.111750320,265.88,265.86,265.87
2026-03-02 12:00:01.112081720,265.88,265.86,265.87
2026-03-02 12:00:01.114036560,265.88,265.86,265.87
2026-03-02 12:00:01.114037502,265.88,265.86,265.87
2026-03-02 12:00:01.114039100,265.88,265.86,265.87
2026-03-02 12:00:01.114040026,265.88,265.86,265.87
2026-03-02 12:00:01.114040305,265.88,265.86,265.87
2026-03-02 12:00:01.114949144,265.88,265.86,265.87
2026-03-02 12:00:01.118501936,265.88,265.85,265.865
2026-03-02 12:00:01.118508250,265.88,265.85,265.865
2026-03-02 12:00:01.118509723,265.88,265.85,265.865
2026-03-02 12:00:01.118512048,265.88,265.85,265.865
2026-03-02 12:00:01.118514593,265.87,265.85,265.86
2026-03-02 12:00:01.118523103,265.87,265.85,265.86
2026-03-02 12:00:01.118523392,265.87,265.85,265.86
2026-03-02 12:00:01.118524479,265.87,265.85,265.86
2026-03-02 12:00:01.118527717,265.87,265.84,265.855
2026-03-02 12:00:01.118531094,265.87,265.84,265.855
2026-03-02 12:00:01.118538422,265.87,265.84,265.855
2026-03-02 12:00:01.118539778,265.87,265.84,265.855
2026-03-02 12:00:01.118540039,265.87,265.84,265.855
2026-03-02 12:00:01.118540320,265.87,265.84,265.855
2026-03-02 12:00:01.118548157,265.87,265.84,265.855
2026-03-02 12:00:01.118551935,265.87,265.84,265.855
2026-03-02 12:00:01.118559448,265.87,265.84,265.855
2026-03-02 12:00:01.118573586,265.87,265.83,265.85
2026-03-02 12:00:01.118591174,265.87,265.83,265.85
2026-03-02 12:00:01.118592432,265.87,265.83,265.85
2026-03-02 12:00:01.118593345,265.87,265.83,265.85
2026-03-02 12:00:01.118611122,265.87,265.83,265.85
2026-03-02 12:00:01.118612071,265.87,265.83,265.85
2026-03-02 12:00:01.118613002,265.87,265.83,265.85
2026-03-02 12:00:01.118614207,265.87,265.83,265.85
2026-03-02 12:00:01.118614566,265.87,265.83,265.85
2026-03-02 12:00:01.118664279,265.87,265.83,265.85
2026-03-02 12:00:01.118664984,265.86,265.83,265.845
2026-03-02 12:00:01.118676417,265.86,265.83,265.845
2026-03-02 12:00:01.118687521,265.86,265.83,265.845
2026-03-02 12:00:01.118695892,265.86,265.83,265.845
2026-03-02 12:00:01.118705079,265.86,265.83,265.845
2026-03-02 12:00:01.118723155,265.86,265.83,265.845
2026-03-02 12:00:01.118725312,265.86,265.83,265.845
2026-03-02 12:00:01.118727547,265.86,265.83,265.845
2026-03-02 12:00:01.118728043,265.86,265.83,265.845
2026-03-02 12:00:01.118732545,265.86,265.83,265.845
2026-03-02 12:00:01.118857088,265.86,265.83,265.845
2026-03-02 12:00:01.118857586,265.86,265.83,265.845
2026-03-02 12:00:01.118858000,265.86,265.83,265.845
2026-03-02 12:00:01.118859081,265.86,265.83,265.845
2026-03-02 12:00:01.118859185,265.86,265.83,265.845
2026-03-02 12:00:01.118893120,265.86,265.83,265.845
2026-03-02 12:00:01.118893842,265.86,265.83,265.845
2026-03-02 12:00:01.118899958,265.86,265.83,265.845
2026-03-02 12:00:01.119081215,265.86,265.83,265.845
2026-03-02 12:00:01.119100622,265.86,265.83,265.845
2026-03-02 12:00:01.119102098,265.86,265.83,265.845
2026-03-02 12:00:01.119103027,265.86,265.83,265.845
2026-03-02 12:00:01.119114160,265.86,265.83,265.845
2026-03-02 12:00:01.119130592,265.86,265.83,265.845
2026-03-02 12:00:01.119139507,265.86,265.83,265.845
2026-03-02 12:00:01.119191933,265.86,265.83,265.845
2026-03-02 12:00:01.119192192,265.86,265.83,265.845
2026-03-02 12:00:01.119192399,265.86,265.83,265.845
2026-03-02 12:00:01.119192805,265.86,265.83,265.845
2026-03-02 12:00:01.119193711,265.86,265.83,265.845
2026-03-02 12:00:01.119349793,265.86,265.83,265.845
2026-03-02 12:00:01.119351382,265.86,265.83,265.845
2026-03-02 12:00:01.119355926,265.86,265.83,265.845
2026-03-02 12:00:01.119405031,265.86,265.83,265.845
2026-03-02 12:00:01.119420622,265.86,265.83,265.845
2026-03-02 12:00:01.119420880,265.86,265.83,265.845
2026-03-02 12:00:01.119421824,265.86,265.83,265.845
2026-03-02 12:00:01.119422151,265.86,265.83,265.845
2026-03-02 12:00:01.119422267,265.86,265.83,265.845
2026-03-02 12:00:01.119450219,265.86,265.83,265.845
2026-03-02 12:00:01.119451130,265.86,265.83,265.845
2026-03-02 12:00:01.119451363,265.86,265.83,265.845
2026-03-02 12:00:01.119451539,265.86,265.83,265.845
2026-03-02 12:00:01.119451744,265.86,265.83,265.845
2026-03-02 12:00:01.119670692,265.86,265.83,265.845
2026-03-02 12:00:01.119783611,265.86,265.83,265.845
2026-03-02 12:00:01.120871359,265.86,265.83,265.845
2026-03-02 12:00:01.120872371,265.86,265.83,265.845
2026-03-02 12:00:01.120872836,265.86,265.83,265.845
2026-03-02 12:00:01.120873054,265.86,265.83,265.845
2026-03-02 12:00:01.120873224,265.86,265.83,265.845
2026-03-02 12:00:01.121290290,265.86,265.83,265.845
2026-03-02 12:00:01.122787082,265.86,265.83,265.845
2026-03-02 12:00:01.122796742,265.86,265.83,265.845
2026-03-02 12:00:01.122867235,265.86,265.83,265.845
2026-03-02 12:00:01.122867452,265.86,265.83,265.845
2026-03-02 12:00:01.122867630,265.86,265.83,265.845
2026-03-02 12:00:01.122867830,265.86,265.83,265.845
2026-03-02 12:00:01.122868092,265.86,265.83,265.845
2026-03-02 12:00:01.124057471,265.86,265.83,265.845
2026-03-02 12:00:01.131267853,265.86,265.83,265.845
2026-03-02 12:00:01.131283745,265.86,265.83,265.845
2026-03-02 12:00:01.131321457,265.86,265.83,265.845
2026-03-02 12:00:01.133405680,265.86,265.83,265.845
2026-03-02 12:00:01.134006536,265.86,265.83,265.845
2026-03-02 12:00:01.134224151,265.86,265.83,265.845
2026-03-02 12:00:01.138322515,265.86,265.83,265.845
2026-03-02 12:00:01.180489881,265.86,265.83,265.845
2026-03-02 12:00:01.180493245,265.86,265.83,265.845
2026-03-02 12:00:01.189181534,265.86,265.83,265.845
2026-03-02 12:00:01.292891146,265.86,265.83,265.845
2026-03-02 12:00:01.295061005,265.86,265.83,265.845
2026-03-02 12:00:01.309094708,265.86,265.83,265.845
2026-03-02 12:00:01.309119886,265.86,265.83,265.845
2026-03-02 12:00:01.309147177,265.86,265.83,265.845
2026-03-02 12:00:01.309175426,265.86,265.83,265.845
2026-03-02 12:00:01.323112151,265.86,265.83,265.845
2026-03-02 12:00:01.333194005,265.86,265.83,265.845
2026-03-02 12:00:01.345525036,265.86,265.83,265.845
2026-03-02 12:00:01.345535570,265.86,265.83,265.845
2026-03-02 12:00:01.345536469,265.86,265.83,265.845
2026-03-02 12:00:01.349524402,265.86,265.83,265.845
2026-03-02 12:00:01.349596284,265.86,265.83,265.845
2026-03-02 12:00:01.349597281,265.86,265.83,265.845
2026-03-02 12:00:01.349598159,265.86,265.83,265.845
2026-03-02 12:00:01.349599367,265.86,265.83,265.845
2026-03-02 12:00:01.349599626,265.86,265.83,265.845
2026-03-02 12:00:01.349676065,265.86,265.83,265.845
2026-03-02 12:00:01.350226935,265.86,265.83,265.845
2026-03-02 12:00:01.350227312,265.86,265.83,265.845
2026-03-02 12:00:01.350228400,265.86,265.83,265.845
2026-03-02 12:00:01.350228608,265.86,265.83,265.845
2026-03-02 12:00:01.350228704,265.86,265.83,265.845
2026-03-02 12:00:01.351650739,265.86,265.83,265.845
2026-03-02 12:00:01.493085745,265.86,265.83,265.845
2026-03-02 12:00:01.493109514,265.86,265.83,265.845
2026-03-02 12:00:01.528502047,265.86,265.83,265.845
2026-03-02 12:00:01.529595620,265.86,265.83,265.845
2026-03-02 12:00:01.556632820,265.86,265.83,265.845
2026-03-02 12:00:01.561941435,265.86,265.83,265.845
2026-03-02 12:00:01.563347403,265.86,265.83,265.845
2026-03-02 12:00:01.563348997,265.86,265.83,265.845
2026-03-02 12:00:01.563349139,265.86,265.83,265.845
2026-03-02 12:00:01.563350495,265.86,265.83,265.845
2026-03-02 12:00:01.563350701,265.86,265.83,265.845
2026-03-02 12:00:01.615345607,265.86,265.83,265.845
2026-03-02 12:00:01.617006528,265.86,265.83,265.845
2026-03-02 12:00:01.617007477,265.86,265.83,265.845
2026-03-02 12:00:01.617008787,265.86,265.83,265.845
2026-03-02 12:00:01.617009023,265.86,265.83,265.845
2026-03-02 12:00:01.617009207,265.86,265.83,265.845
2026-03-02 12:00:01.725426645,265.86,265.83,265.845
2026-03-02 12:00:01.762548208,265.86,265.83,265.845
2026-03-02 12:00:01.763564809,265.86,265.83,265.845
2026-03-02 12:00:01.763808543,265.86,265.83,265.845
2026-03-02 12:00:01.764744537,265.86,265.83,265.845
2026-03-02 12:00:01.793127969,265.86,265.83,265.845
2026-03-02 12:00:01.926585058,265.86,265.83,265.845
2026-03-02 12:00:01.928316061,265.86,265.83,265.845
2026-03-02 12:00:01.928316883,265.86,265.83,265.845
2026-03-02 12:00:01.928317283,265.86,265.83,265.845
2026-03-02 12:00:01.928318395,265.86,265.83,265.845
2026-03-02 12:00:01.928318553,265.86,265.83,265.845
2026-03-02 12:00:01.928675163,265.86,265.83,265.845
2026-03-02 12:00:01.960379515,265.86,265.83,265.845
2026-03-02 12:00:01.960379860,265.86,265.83,265.845
2026-03-02 12:00:01.960380833,265.86,265.83,265.845
2026-03-02 12:00:01.960380974,265.86,265.83,265.845
2026-03-02 12:00:01.960382022,265.86,265.83,265.845
2026-03-02 12:00:02.102189660,265.86,265.83,265.845
2026-03-02 12:00:02.111492382,265.86,265.83,265.845
2026-03-02 12:00:02.111757162,265.86,265.83,265.845
2026-03-02 12:00:02.111792102,265.86,265.83,265.845
2026-03-02 12:00:02.112029926,265.86,265.83,265.845
2026-03-02 12:00:02.112032801,265.86,265.83,265.845
2026-03-02 12:00:02.113018079,265.86,265.83,265.845
2026-03-02 12:00:02.235387517,265.86,265.83,265.845
2026-03-02 12:00:02.235412435,265.87,265.83,265.85
2026-03-02 12:00:02.235424396,265.87,265.83,265.85
2026-03-02 12:00:02.235458585,265.87,265.84,265.855
2026-03-02 12:00:02.235481372,265.87,265.84,265.855
2026-03-02 12:00:02.235491005,265.87,265.84,265.855
2026-03-02 12:00:02.235514654,265.87,265.84,265.855
2026-03-02 12:00:02.235527170,265.87,265.84,265.855
2026-03-02 12:00:02.235537684,265.86,265.84,265.85
2026-03-02 12:00:02.235542444,265.86,265.84,265.85
2026-03-02 12:00:02.235550904,265.86,265.84,265.85
2026-03-02 12:00:02.235911831,265.86,265.84,265.85
2026-03-02 12:00:02.236297671,265.86,265.84,265.85
2026-03-02 12:00:02.236299335,265.86,265.84,265.85
2026-03-02 12:00:02.236300903,265.86,265.84,265.85
2026-03-02 12:00:02.236302655,265.86,265.84,265.85
2026-03-02 12:00:02.236303497,265.86,265.84,265.85
2026-03-02 12:00:02.236303980,265.86,265.84,265.85
2026-03-02 12:00:02.236374674,265.86,265.84,265.85
2026-03-02 12:00:02.237490094,265.86,265.84,265.85
2026-03-02 12:00:02.237525288,265.86,265.84,265.85
2026-03-02 12:00:02.238751047,265.86,265.84,265.85
2026-03-02 12:00:02.246280800,265.86,265.84,265.85
2026-03-02 12:00:02.254110874,265.86,265.84,265.85
2026-03-02 12:00:02.254793392,265.86,265.84,265.85
2026-03-02 12:00:02.255584702,265.86,265.84,265.85
2026-03-02 12:00:02.255588809,265.86,265.84,265.85
2026-03-02 12:00:02.256849499,265.86,265.84,265.85
2026-03-02 12:00:02.256850502,265.86,265.84,265.85
2026-03-02 12:00:02.256851438,265.86,265.84,265.85
2026-03-02 12:00:02.256852690,265.86,265.84,265.85
2026-03-02 12:00:02.256852950,265.86,265.84,265.85
2026-03-02 12:00:02.256854104,265.86,265.84,265.85
2026-03-02 12:00:02.277173074,265.86,265.84,265.85
2026-03-02 12:00:02.284036800,265.86,265.84,265.85
2026-03-02 12:00:02.284884663,265.86,265.84,265.85
2026-03-02 12:00:02.296631622,265.86,265.84,265.85
2026-03-02 12:00:02.297225965,265.86,265.84,265.85
2026-03-02 12:00:02.409808556,265.86,265.84,265.85
2026-03-02 12:00:02.409834297,265.86,265.84,265.85
2026-03-02 12:00:02.409837551,265.86,265.84,265.85
2026-03-02 12:00:02.409851775,265.86,265.84,265.85
2026-03-02 12:00:02.409872907,265.86,265.84,265.85
2026-03-02 12:00:02.409883909,265.86,265.84,265.85
2026-03-02 12:00:02.409885427,265.86,265.84,265.85
2026-03-02 12:00:02.409920758,265.86,265.83,265.845
2026-03-02 12:00:02.409949443,265.86,265.83,265.845
2026-03-02 12:00:02.410072185,265.86,265.83,265.845
2026-03-02 12:00:02.410578274,265.86,265.83,265.845
2026-03-02 12:00:02.487069031,265.86,265.83,265.845
2026-03-02 12:00:02.487108585,265.86,265.83,265.845
2026-03-02 12:00:02.495226915,265.86,265.83,265.845
2026-03-02 12:00:02.496690537,265.85,265.83,265.84
2026-03-02 12:00:02.496737410,265.85,265.83,265.84
2026-03-02 12:00:02.496769931,265.85,265.83,265.84
2026-03-02 12:00:02.496792189,265.85,265.83,265.84
2026-03-02 12:00:02.497139065,265.85,265.83,265.84
2026-03-02 12:00:02.497188944,265.85,265.83,265.84
2026-03-02 12:00:02.507621980,265.85,265.83,265.84
2026-03-02 12:00:02.529141969,265.85,265.83,265.84
2026-03-02 12:00:02.662777361,265.85,265.83,265.84
2026-03-02 12:00:02.663799202,265.85,265.83,265.84
2026-03-02 12:00:02.664035489,265.85,265.83,265.84
2026-03-02 12:00:02.664947818,265.85,265.83,265.84
2026-03-02 12:00:02.705589784,265.85,265.83,265.84
2026-03-02 12:00:02.733578436,265.85,265.83,265.84
2026-03-02 12:00:02.733606305,265.85,265.83,265.84
2026-03-02 12:00:02.733609266,265.85,265.83,265.84
2026-03-02 12:00:02.735667186,265.85,265.83,265.84
2026-03-02 12:00:02.735668037,265.85,265.83,265.84
2026-03-02 12:00:02.735669241,265.85,265.83,265.84
2026-03-02 12:00:02.735670480,265.85,265.83,265.84
2026-03-02 12:00:02.735670675,265.85,265.83,265.84
2026-03-02 12:00:02.779918898,265.85,265.83,265.84
2026-03-02 12:00:02.779955492,265.85,265.83,265.84
2026-03-02 12:00:02.779967211,265.85,265.83,265.84
2026-03-02 12:00:02.853389720,265.85,265.83,265.84
2026-03-02 12:00:02.853439605,265.85,265.83,265.84
2026-03-02 12:00:02.853448810,265.85,265.83,265.84
2026-03-02 12:00:02.853455540,265.85,265.83,265.84
2026-03-02 12:00:02.853489271,265.85,265.83,265.84
2026-03-02 12:00:02.853875124,265.85,265.83,265.84
2026-03-02 12:00:02.854723460,265.85,265.83,265.84
2026-03-02 12:00:02.854724550,265.85,265.83,265.84
2026-03-02 12:00:02.854725039,265.85,265.83,265.84
2026-03-02 12:00:02.854726020,265.85,265.83,265.84
2026-03-02 12:00:02.854726161,265.85,265.83,265.84
2026-03-02 12:00:02.855077058,265.85,265.83,265.84
2026-03-02 12:00:02.855107812,265.85,265.83,265.84
2026-03-02 12:00:03.024842160,265.86,265.83,265.845
2026-03-02 12:00:03.024866083,265.86,265.83,265.845
2026-03-02 12:00:03.024878186,265.86,265.83,265.845
2026-03-02 12:00:03.024888054,265.86,265.83,265.845
2026-03-02 12:00:03.024906184,265.86,265.83,265.845
2026-03-02 12:00:03.024938099,265.86,265.83,265.845
2026-03-02 12:00:03.032494212,265.86,265.83,265.845
2026-03-02 12:00:03.036114268,265.86,265.83,265.845
2026-03-02 12:00:03.074166639,265.86,265.83,265.845
2026-03-02 12:00:03.154447010,265.86,265.83,265.845
2026-03-02 12:00:03.184209878,265.86,265.83,265.845
2026-03-02 12:00:03.449121462,265.86,265.83,265.845
2026-03-02 12:00:03.520130364,265.86,265.83,265.845
2026-03-02 12:00:03.520184686,265.86,265.83,265.845
2026-03-02 12:00:03.608774727,265.86,265.83,265.845
2026-03-02 12:00:03.616095515,265.86,265.83,265.845
2026-03-02 12:00:03.616120158,265.86,265.83,265.845
2026-03-02 12:00:03.616131588,265.86,265.83,265.845
2026-03-02 12:00:03.636829434,265.86,265.83,265.845
2026-03-02 12:00:03.638470822,265.86,265.83,265.845
2026-03-02 12:00:03.661069662,265.86,265.83,265.845
2026-03-02 12:00:03.795246418,265.86,265.83,265.845
2026-03-02 12:00:03.795278890,265.86,265.83,265.845
2026-03-02 12:00:03.796045902,265.86,265.83,265.845
2026-03-02 12:00:03.796046141,265.86,265.83,265.845
2026-03-02 12:00:03.796047171,265.86,265.83,265.845
2026-03-02 12:00:03.796048465,265.86,265.83,265.845
2026-03-02 12:00:03.796049393,265.86,265.83,265.845
2026-03-02 12:00:03.815172836,265.86,265.83,265.845
2026-03-02 12:00:03.815173785,265.86,265.83,265.845
2026-03-02 12:00:03.815173974,265.86,265.83,265.845
2026-03-02 12:00:03.815175061,265.86,265.83,265.845
2026-03-02 12:00:03.815175265,265.86,265.83,265.845
2026-03-02 12:00:03.817215571,265.86,265.83,265.845
2026-03-02 12:00:03.817216405,265.86,265.83,265.845
2026-03-02 12:00:03.817216569,265.86,265.83,265.845
2026-03-02 12:00:03.817216758,265.86,265.83,265.845
2026-03-02 12:00:03.817216899,265.86,265.83,265.845
2026-03-02 12:00:03.880164382,265.86,265.83,265.845
2026-03-02 12:00:03.881356166,265.86,265.83,265.845
2026-03-02 12:00:03.924751698,265.86,265.83,265.845
2026-03-02 12:00:03.924753325,265.85,265.83,265.84
2026-03-02 12:00:03.924753628,265.85,265.83,265.84
2026-03-02 12:00:03.924768356,265.85,265.83,265.84
2026-03-02 12:00:03.924778649,265.85,265.83,265.84
2026-03-02 12:00:03.924790970,265.85,265.83,265.84
2026-03-02 12:00:03.924796328,265.85,265.83,265.84
2026-03-02 12:00:03.924823806,265.85,265.83,265.84
2026-03-02 12:00:03.925045796,265.85,265.83,265.84
2026-03-02 12:00:03.925717628,265.85,265.83,265.84
2026-03-02 12:00:03.925718837,265.85,265.83,265.84
2026-03-02 12:00:03.925720438,265.85,265.83,265.84
2026-03-02 12:00:03.925721571,265.85,265.83,265.84
2026-03-02 12:00:03.925722610,265.85,265.83,265.84
2026-03-02 12:00:03.925885042,265.85,265.82,265.835
2026-03-02 12:00:03.925888813,265.85,265.82,265.835
2026-03-02 12:00:03.925897563,265.85,265.82,265.835
2026-03-02 12:00:03.925897893,265.85,265.83,265.84
2026-03-02 12:00:03.925909714,265.84,265.83,265.835
2026-03-02 12:00:03.925910034,265.84,265.83,265.835
2026-03-02 12:00:03.925910333,265.84,265.83,265.835
2026-03-02 12:00:03.925911895,265.84,265.83,265.835
2026-03-02 12:00:03.925922205,265.84,265.83,265.835
2026-03-02 12:00:03.925923916,265.84,265.83,265.835
2026-03-02 12:00:03.925926513,265.84,265.83,265.835
2026-03-02 12:00:03.925929274,265.84,265.83,265.835
2026-03-02 12:00:03.925929989,265.84,265.83,265.835
2026-03-02 12:00:03.925939921,265.84,265.83,265.835
2026-03-02 12:00:03.925940062,265.84,265.83,265.835
2026-03-02 12:00:03.925941409,265.84,265.83,265.835
2026-03-02 12:00:03.925944591,265.84,265.83,265.835
2026-03-02 12:00:03.925951142,265.84,265.83,265.835
2026-03-02 12:00:03.925952657,265.84,265.83,265.835
2026-03-02 12:00:03.925955600,265.84,265.83,265.835
2026-03-02 12:00:03.925968849,265.84,265.83,265.835
2026-03-02 12:00:03.925969118,265.84,265.83,265.835
2026-03-02 12:00:03.925969301,265.84,265.83,265.835
2026-03-02 12:00:03.925969653,265.84,265.83,265.835
2026-03-02 12:00:03.925970497,265.84,265.83,265.835
2026-03-02 12:00:03.925976536,265.84,265.83,265.835
2026-03-02 12:00:03.925977270,265.84,265.83,265.835
2026-03-02 12:00:03.925989701,265.84,265.83,265.835
2026-03-02 12:00:03.926008216,265.84,265.83,265.835
2026-03-02 12:00:03.926017181,265.84,265.83,265.835
2026-03-02 12:00:03.926057784,265.84,265.83,265.835
2026-03-02 12:00:03.926090897,265.84,265.83,265.835
2026-03-02 12:00:03.926091179,265.84,265.83,265.835
2026-03-02 12:00:03.926091553,265.84,265.83,265.835
2026-03-02 12:00:03.926092618,265.84,265.83,265.835
2026-03-02 12:00:03.926092717,265.84,265.83,265.835
2026-03-02 12:00:03.926094231,265.84,265.83,265.835
2026-03-02 12:00:03.926156545,265.84,265.83,265.835
2026-03-02 12:00:03.926157891,265.84,265.83,265.835
2026-03-02 12:00:03.926158114,265.84,265.83,265.835
2026-03-02 12:00:03.926186694,265.84,265.82,265.83
2026-03-02 12:00:03.926196063,265.84,265.83,265.835
2026-03-02 12:00:03.926205638,265.84,265.82,265.83
2026-03-02 12:00:03.926211040,265.83,265.82,265.825
2026-03-02 12:00:03.926215989,265.83,265.82,265.825
2026-03-02 12:00:03.926217709,265.83,265.82,265.825
2026-03-02 12:00:03.926220230,265.83,265.82,265.825
2026-03-02 12:00:03.926224241,265.83,265.82,265.825
2026-03-02 12:00:03.926225704,265.83,265.82,265.825
2026-03-02 12:00:03.926228377,265.83,265.82,265.825
2026-03-02 12:00:03.926247890,265.83,265.82,265.825
2026-03-02 12:00:03.926255873,265.83,265.82,265.825
2026-03-02 12:00:03.926256145,265.83,265.82,265.825
2026-03-02 12:00:03.926256433,265.83,265.82,265.825
2026-03-02 12:00:03.926256550,265.83,265.82,265.825
2026-03-02 12:00:03.926256744,265.83,265.82,265.825
2026-03-02 12:00:03.926286891,265.84,265.82,265.83
2026-03-02 12:00:03.926300472,265.84,265.82,265.83
2026-03-02 12:00:03.926300690,265.84,265.82,265.83
2026-03-02 12:00:03.926301915,265.84,265.82,265.83
2026-03-02 12:00:03.926302137,265.84,265.82,265.83
2026-03-02 12:00:03.926302469,265.84,265.82,265.83
2026-03-02 12:00:03.926303767,265.84,265.83,265.835
2026-03-02 12:00:03.926309185,265.84,265.83,265.835
2026-03-02 12:00:03.926357636,265.84,265.83,265.835
2026-03-02 12:00:03.926381288,265.84,265.83,265.835
2026-03-02 12:00:03.926386096,265.84,265.83,265.835
2026-03-02 12:00:03.926412292,265.84,265.83,265.835
2026-03-02 12:00:03.926413990,265.84,265.83,265.835
2026-03-02 12:00:03.926422649,265.84,265.83,265.835
2026-03-02 12:00:03.926425472,265.84,265.83,265.835
2026-03-02 12:00:03.926431071,265.84,265.83,265.835
2026-03-02 12:00:03.926437771,265.85,265.83,265.84
2026-03-02 12:00:03.926459345,265.85,265.83,265.84
2026-03-02 12:00:03.926459609,265.85,265.83,265.84
2026-03-02 12:00:03.926459805,265.85,265.83,265.84
2026-03-02 12:00:03.926459998,265.85,265.83,265.84
2026-03-02 12:00:03.926460165,265.85,265.83,265.84
2026-03-02 12:00:03.926474013,265.85,265.83,265.84
2026-03-02 12:00:03.926485197,265.85,265.83,265.84
2026-03-02 12:00:03.926489769,265.85,265.83,265.84
2026-03-02 12:00:03.926503541,265.85,265.83,265.84
2026-03-02 12:00:03.926506931,265.85,265.83,265.84
2026-03-02 12:00:03.926518737,265.85,265.83,265.84
2026-03-02 12:00:03.926519146,265.85,265.83,265.84
2026-03-02 12:00:03.926524031,265.85,265.83,265.84
2026-03-02 12:00:03.926525486,265.85,265.83,265.84
2026-03-02 12:00:03.926529143,265.85,265.83,265.84
2026-03-02 12:00:03.926533238,265.85,265.83,265.84
2026-03-02 12:00:03.926541783,265.85,265.83,265.84
2026-03-02 12:00:03.926556012,265.85,265.83,265.84
2026-03-02 12:00:03.926600785,265.85,265.83,265.84
2026-03-02 12:00:03.926638342,265.85,265.83,265.84
2026-03-02 12:00:03.926673056,265.85,265.83,265.84
2026-03-02 12:00:03.926673533,265.85,265.83,265.84
2026-03-02 12:00:03.926674828,265.85,265.83,265.84
2026-03-02 12:00:03.926679717,265.85,265.83,265.84
2026-03-02 12:00:03.926690940,265.85,265.83,265.84
2026-03-02 12:00:03.926692101,265.85,265.83,265.84
2026-03-02 12:00:03.926696207,265.85,265.83,265.84
2026-03-02 12:00:03.926701269,265.85,265.83,265.84
2026-03-02 12:00:03.926749614,265.85,265.83,265.84
2026-03-02 12:00:03.926788224,265.85,265.83,265.84
2026-03-02 12:00:03.926788521,265.85,265.83,265.84
2026-03-02 12:00:03.926789595,265.85,265.83,265.84
2026-03-02 12:00:03.926789766,265.85,265.83,265.84
2026-03-02 12:00:03.926789854,265.85,265.83,265.84
2026-03-02 12:00:03.926826694,265.85,265.83,265.84
2026-03-02 12:00:03.926827100,265.85,265.83,265.84
2026-03-02 12:00:03.926827453,265.85,265.83,265.84
2026-03-02 12:00:03.926827827,265.85,265.83,265.84
2026-03-02 12:00:03.926828058,265.85,265.83,265.84
2026-03-02 12:00:03.926828793,265.85,265.83,265.84
2026-03-02 12:00:03.926859702,265.85,265.83,265.84
2026-03-02 12:00:03.926860536,265.85,265.83,265.84
2026-03-02 12:00:03.926860743,265.85,265.83,265.84
2026-03-02 12:00:03.926860909,265.85,265.83,265.84
2026-03-02 12:00:03.926861210,265.85,265.83,265.84
2026-03-02 12:00:03.926861359,265.85,265.83,265.84
2026-03-02 12:00:03.926872832,265.85,265.83,265.84
2026-03-02 12:00:03.926905795,265.86,265.83,265.845
2026-03-02 12:00:03.926907098,265.86,265.83,265.845
2026-03-02 12:00:03.926969652,265.86,265.83,265.845
2026-03-02 12:00:03.927016489,265.86,265.83,265.845
2026-03-02 12:00:03.927031350,265.86,265.83,265.845
2026-03-02 12:00:03.927075360,265.86,265.84,265.85
2026-03-02 12:00:03.927076746,265.86,265.84,265.85
2026-03-02 12:00:03.927076915,265.86,265.84,265.85
2026-03-02 12:00:03.927077096,265.86,265.84,265.85
2026-03-02 12:00:03.927077360,265.86,265.84,265.85
2026-03-02 12:00:03.927078362,265.86,265.84,265.85
2026-03-02 12:00:03.927095870,265.86,265.84,265.85
2026-03-02 12:00:03.927097829,265.86,265.84,265.85
2026-03-02 12:00:03.927110662,265.86,265.84,265.85
2026-03-02 12:00:03.927120601,265.86,265.84,265.85
2026-03-02 12:00:03.927122659,265.86,265.84,265.85
2026-03-02 12:00:03.927124490,265.86,265.84,265.85
2026-03-02 12:00:03.927126747,265.86,265.84,265.85
2026-03-02 12:00:03.927147520,265.86,265.84,265.85
2026-03-02 12:00:03.927183016,265.86,265.84,265.85
2026-03-02 12:00:03.927183224,265.86,265.84,265.85
2026-03-02 12:00:03.927183462,265.86,265.84,265.85
2026-03-02 12:00:03.927183850,265.86,265.84,265.85
2026-03-02 12:00:03.927184039,265.86,265.84,265.85
2026-03-02 12:00:03.927297422,265.86,265.84,265.85
2026-03-02 12:00:03.927332086,265.86,265.84,265.85
2026-03-02 12:00:03.927385133,265.86,265.84,265.85
2026-03-02 12:00:03.927385357,265.86,265.84,265.85
2026-03-02 12:00:03.927385702,265.86,265.84,265.85
2026-03-02 12:00:03.927385887,265.86,265.84,265.85
2026-03-02 12:00:03.927386637,265.86,265.84,265.85
2026-03-02 12:00:03.927388716,265.86,265.84,265.85
2026-03-02 12:00:03.927406110,265.86,265.84,265.85
2026-03-02 12:00:03.927406381,265.86,265.84,265.85
2026-03-02 12:00:03.927406671,265.86,265.84,265.85
2026-03-02 12:00:03.927407073,265.86,265.84,265.85
2026-03-02 12:00:03.927407299,265.86,265.84,265.85
2026-03-02 12:00:03.927451665,265.86,265.84,265.85
2026-03-02 12:00:03.927467908,265.86,265.84,265.85
2026-03-02 12:00:03.927468123,265.86,265.84,265.85
2026-03-02 12:00:03.927469247,265.86,265.84,265.85
2026-03-02 12:00:03.927469387,265.86,265.84,265.85
2026-03-02 12:00:03.927469516,265.86,265.84,265.85
2026-03-02 12:00:03.927499814,265.86,265.84,265.85
2026-03-02 12:00:03.927500914,265.86,265.84,265.85
2026-03-02 12:00:03.927501208,265.86,265.84,265.85
2026-03-02 12:00:03.927501526,265.86,265.84,265.85
2026-03-02 12:00:03.927502675,265.86,265.84,265.85
2026-03-02 12:00:03.927502782,265.86,265.84,265.85
2026-03-02 12:00:03.927515878,265.86,265.84,265.85
2026-03-02 12:00:03.927716918,265.86,265.84,265.85
2026-03-02 12:00:03.927717877,265.86,265.84,265.85
2026-03-02 12:00:03.927718041,265.86,265.84,265.85
2026-03-02 12:00:03.927718169,265.86,265.84,265.85
2026-03-02 12:00:03.927719411,265.86,265.84,265.85
2026-03-02 12:00:03.927848548,265.86,265.84,265.85
2026-03-02 12:00:03.927908445,265.86,265.84,265.85
2026-03-02 12:00:03.927909507,265.86,265.84,265.85
2026-03-02 12:00:03.927909775,265.86,265.84,265.85
2026-03-02 12:00:03.927910018,265.86,265.84,265.85
2026-03-02 12:00:03.927910177,265.86,265.84,265.85
2026-03-02 12:00:03.927910351,265.86,265.84,265.85
2026-03-02 12:00:03.927973824,265.86,265.84,265.85
2026-03-02 12:00:03.928212424,265.86,265.84,265.85
2026-03-02 12:00:03.928212657,265.86,265.84,265.85
2026-03-02 12:00:03.928212948,265.86,265.84,265.85
2026-03-02 12:00:03.928213197,265.86,265.84,265.85
2026-03-02 12:00:03.928214005,265.86,265.84,265.85
2026-03-02 12:00:03.928214238,265.86,265.84,265.85
2026-03-02 12:00:03.928556840,265.86,265.84,265.85
2026-03-02 12:00:03.928718388,265.86,265.84,265.85
2026-03-02 12:00:03.928719298,265.86,265.84,265.85
2026-03-02 12:00:03.928719598,265.86,265.84,265.85
2026-03-02 12:00:03.928719708,265.86,265.84,265.85
2026-03-02 12:00:03.928719908,265.86,265.84,265.85
2026-03-02 12:00:03.928873364,265.86,265.84,265.85
2026-03-02 12:00:03.928883652,265.86,265.84,265.85
2026-03-02 12:00:03.928909189,265.86,265.84,265.85
2026-03-02 12:00:03.929062539,265.86,265.84,265.85
2026-03-02 12:00:03.929153554,265.86,265.84,265.85
2026-03-02 12:00:03.929154394,265.86,265.84,265.85
2026-03-02 12:00:03.929154614,265.86,265.84,265.85
2026-03-02 12:00:03.929154789,265.86,265.84,265.85
2026-03-02 12:00:03.929154918,265.86,265.84,265.85
2026-03-02 12:00:03.929155114,265.86,265.84,265.85
2026-03-02 12:00:03.929243985,265.86,265.84,265.85
2026-03-02 12:00:03.929360857,265.86,265.84,265.85
2026-03-02 12:00:03.929656724,265.86,265.85,265.855
2026-03-02 12:00:03.929679338,265.86,265.85,265.855
2026-03-02 12:00:03.929679525,265.86,265.85,265.855
2026-03-02 12:00:03.929690248,265.86,265.85,265.855
2026-03-02 12:00:03.929699412,265.86,265.85,265.855
2026-03-02 12:00:03.929702797,265.86,265.85,265.855
2026-03-02 12:00:03.929717414,265.86,265.85,265.855
2026-03-02 12:00:03.929730959,265.86,265.85,265.855
2026-03-02 12:00:03.929863450,265.86,265.85,265.855
2026-03-02 12:00:03.929864329,265.86,265.85,265.855
2026-03-02 12:00:03.929864458,265.86,265.85,265.855
2026-03-02 12:00:03.929864738,265.86,265.85,265.855
2026-03-02 12:00:03.929864912,265.86,265.85,265.855
2026-03-02 12:00:03.929865968,265.86,265.85,265.855
2026-03-02 12:00:03.930076847,265.86,265.85,265.855
2026-03-02 12:00:03.930077153,265.86,265.85,265.855
2026-03-02 12:00:03.930078067,265.86,265.85,265.855
2026-03-02 12:00:03.930078206,265.86,265.85,265.855
2026-03-02 12:00:03.930078319,265.86,265.85,265.855
2026-03-02 12:00:03.930586986,265.86,265.85,265.855
2026-03-02 12:00:03.931071887,265.86,265.85,265.855
2026-03-02 12:00:03.931211803,265.86,265.85,265.855
2026-03-02 12:00:03.931262605,265.86,265.85,265.855
2026-03-02 12:00:03.932706160,265.86,265.85,265.855
2026-03-02 12:00:03.934528602,265.86,265.85,265.855
2026-03-02 12:00:03.934824575,265.86,265.85,265.855
2026-03-02 12:00:03.934849946,265.86,265.85,265.855
2026-03-02 12:00:03.934854750,265.86,265.85,265.855
2026-03-02 12:00:03.934855010,265.86,265.85,265.855
2026-03-02 12:00:03.934861921,265.86,265.85,265.855
2026-03-02 12:00:03.934889805,265.87,265.85,265.86
2026-03-02 12:00:03.934890209,265.87,265.85,265.86
2026-03-02 12:00:03.934901477,265.87,265.85,265.86
2026-03-02 12:00:03.934917126,265.87,265.85,265.86
2026-03-02 12:00:03.934918677,265.87,265.85,265.86
2026-03-02 12:00:03.934925965,265.87,265.85,265.86
2026-03-02 12:00:03.934926895,265.87,265.85,265.86
2026-03-02 12:00:03.934948958,265.87,265.85,265.86
2026-03-02 12:00:03.935015518,265.87,265.85,265.86
2026-03-02 12:00:03.935359740,265.87,265.85,265.86
2026-03-02 12:00:03.935519537,265.88,265.85,265.865
2026-03-02 12:00:03.935520655,265.88,265.85,265.865
2026-03-02 12:00:03.935520817,265.88,265.85,265.865
2026-03-02 12:00:03.935521150,265.88,265.85,265.865
2026-03-02 12:00:03.935521317,265.88,265.85,265.865
2026-03-02 12:00:03.935521393,265.88,265.85,265.865
2026-03-02 12:00:03.935545796,265.88,265.85,265.865
2026-03-02 12:00:03.935556216,265.88,265.85,265.865
2026-03-02 12:00:03.935613039,265.88,265.86,265.87
2026-03-02 12:00:03.935632522,265.88,265.86,265.87
2026-03-02 12:00:03.935635485,265.88,265.86,265.87
2026-03-02 12:00:03.935648730,265.88,265.86,265.87
2026-03-02 12:00:03.935657577,265.88,265.86,265.87
2026-03-02 12:00:03.935661174,265.88,265.86,265.87
2026-03-02 12:00:03.935685011,265.88,265.86,265.87
2026-03-02 12:00:03.935685198,265.88,265.86,265.87
2026-03-02 12:00:03.935719805,265.88,265.86,265.87
2026-03-02 12:00:03.935938199,265.88,265.86,265.87
2026-03-02 12:00:03.935997153,265.88,265.86,265.87
2026-03-02 12:00:03.936009663,265.88,265.86,265.87
2026-03-02 12:00:03.936027163,265.88,265.86,265.87
2026-03-02 12:00:03.936027447,265.88,265.86,265.87
2026-03-02 12:00:03.936028567,265.88,265.86,265.87
2026-03-02 12:00:03.936028728,265.88,265.86,265.87
2026-03-02 12:00:03.936028980,265.88,265.86,265.87
2026-03-02 12:00:03.936031144,265.88,265.86,265.87
2026-03-02 12:00:03.936066753,265.88,265.86,265.87
2026-03-02 12:00:03.936068114,265.88,265.86,265.87
2026-03-02 12:00:03.936192727,265.88,265.86,265.87
2026-03-02 12:00:03.936241415,265.88,265.86,265.87
2026-03-02 12:00:03.936251506,265.88,265.86,265.87
2026-03-02 12:00:03.936260763,265.88,265.86,265.87
2026-03-02 12:00:03.936261090,265.88,265.86,265.87
2026-03-02 12:00:03.936261453,265.88,265.86,265.87
2026-03-02 12:00:03.936261791,265.88,265.86,265.87
2026-03-02 12:00:03.936262155,265.88,265.86,265.87
2026-03-02 12:00:03.936262961,265.88,265.86,265.87
2026-03-02 12:00:03.936407049,265.88,265.86,265.87
2026-03-02 12:00:03.936422885,265.88,265.86,265.87
2026-03-02 12:00:03.936451199,265.88,265.86,265.87
2026-03-02 12:00:03.936562517,265.88,265.86,265.87
2026-03-02 12:00:03.936676936,265.88,265.86,265.87
2026-03-02 12:00:03.936929446,265.88,265.86,265.87
2026-03-02 12:00:03.937006957,265.88,265.86,265.87
2026-03-02 12:00:03.937031559,265.88,265.86,265.87
2026-03-02 12:00:03.937048840,265.88,265.87,265.875
2026-03-02 12:00:03.937053710,265.88,265.87,265.875
2026-03-02 12:00:03.937058798,265.89,265.87,265.88
2026-03-02 12:00:03.937068488,265.89,265.87,265.88
2026-03-02 12:00:03.937070505,265.89,265.87,265.88
2026-03-02 12:00:03.937083861,265.89,265.87,265.88
2026-03-02 12:00:03.937090289,265.89,265.87,265.88
2026-03-02 12:00:03.937092431,265.89,265.87,265.88
2026-03-02 12:00:03.937096328,265.89,265.87,265.88
2026-03-02 12:00:03.937104623,265.89,265.87,265.88
2026-03-02 12:00:03.937108471,265.89,265.87,265.88
2026-03-02 12:00:03.937114263,265.89,265.87,265.88
2026-03-02 12:00:03.937120063,265.89,265.87,265.88
2026-03-02 12:00:03.937130568,265.89,265.87,265.88
2026-03-02 12:00:03.937135099,265.89,265.87,265.88
2026-03-02 12:00:03.937137328,265.89,265.87,265.88
2026-03-02 12:00:03.937210354,265.89,265.87,265.88
2026-03-02 12:00:03.937445691,265.89,265.87,265.88
2026-03-02 12:00:03.937458447,265.89,265.87,265.88
2026-03-02 12:00:03.937459352,265.89,265.87,265.88
2026-03-02 12:00:03.937459704,265.89,265.87,265.88
2026-03-02 12:00:03.937459878,265.89,265.87,265.88
2026-03-02 12:00:03.937459964,265.89,265.87,265.88
2026-03-02 12:00:03.937696681,265.89,265.87,265.88
2026-03-02 12:00:03.937697661,265.89,265.87,265.88
2026-03-02 12:00:03.937698039,265.89,265.87,265.88
2026-03-02 12:00:03.937699136,265.89,265.87,265.88
2026-03-02 12:00:03.937699300,265.89,265.87,265.88
2026-03-02 12:00:03.937699417,265.89,265.87,265.88
2026-03-02 12:00:03.937723654,265.89,265.87,265.88
2026-03-02 12:00:03.937731826,265.89,265.87,265.88
2026-03-02 12:00:03.937749854,265.89,265.87,265.88
2026-03-02 12:00:03.937750190,265.89,265.87,265.88
2026-03-02 12:00:03.937751109,265.89,265.87,265.88
2026-03-02 12:00:03.938200825,265.89,265.87,265.88
2026-03-02 12:00:03.938399355,265.89,265.87,265.88
2026-03-02 12:00:03.938808747,265.89,265.87,265.88
2026-03-02 12:00:03.940898340,265.89,265.87,265.88
2026-03-02 12:00:03.940899329,265.89,265.86,265.875
2026-03-02 12:00:03.940902311,265.88,265.86,265.87
2026-03-02 12:00:03.940908576,265.88,265.86,265.87
2026-03-02 12:00:03.940909804,265.88,265.86,265.87
2026-03-02 12:00:03.940925290,265.88,265.86,265.87
2026-03-02 12:00:03.940932928,265.88,265.86,265.87
2026-03-02 12:00:03.940935967,265.88,265.86,265.87
2026-03-02 12:00:03.940936800,265.88,265.86,265.87
2026-03-02 12:00:03.940939644,265.88,265.86,265.87
2026-03-02 12:00:03.940942058,265.88,265.86,265.87
2026-03-02 12:00:03.940963183,265.88,265.85,265.865
2026-03-02 12:00:03.940964121,265.88,265.85,265.865
2026-03-02 12:00:03.941039767,265.88,265.85,265.865
2026-03-02 12:00:03.941041277,265.88,265.85,265.865
2026-03-02 12:00:03.941041524,265.88,265.85,265.865
2026-03-02 12:00:03.941041912,265.88,265.85,265.865
2026-03-02 12:00:03.941042198,265.88,265.85,265.865
2026-03-02 12:00:03.941042343,265.88,265.85,265.865
2026-03-02 12:00:03.941084355,265.88,265.85,265.865
2026-03-02 12:00:03.941084638,265.88,265.85,265.865
2026-03-02 12:00:03.941084927,265.88,265.85,265.865
2026-03-02 12:00:03.941085778,265.88,265.85,265.865
2026-03-02 12:00:03.941085939,265.88,265.85,265.865
2026-03-02 12:00:03.941102360,265.88,265.85,265.865
2026-03-02 12:00:03.941170637,265.88,265.85,265.865
2026-03-02 12:00:03.941172839,265.88,265.85,265.865
2026-03-02 12:00:03.941185225,265.88,265.85,265.865
2026-03-02 12:00:03.941223980,265.88,265.85,265.865
2026-03-02 12:00:03.941235660,265.88,265.85,265.865
2026-03-02 12:00:03.941237919,265.88,265.85,265.865
2026-03-02 12:00:03.941241241,265.88,265.84,265.86
2026-03-02 12:00:03.941276594,265.88,265.84,265.86
2026-03-02 12:00:03.941278324,265.88,265.84,265.86
2026-03-02 12:00:03.941298057,265.88,265.84,265.86
2026-03-02 12:00:03.941312155,265.88,265.84,265.86
2026-03-02 12:00:03.941323025,265.88,265.84,265.86
2026-03-02 12:00:03.941465259,265.88,265.84,265.86
2026-03-02 12:00:03.941597563,265.88,265.84,265.86
2026-03-02 12:00:03.941598494,265.88,265.84,265.86
2026-03-02 12:00:03.941598704,265.88,265.84,265.86
2026-03-02 12:00:03.941599007,265.88,265.84,265.86
2026-03-02 12:00:03.941599133,265.88,265.84,265.86
2026-03-02 12:00:03.941599278,265.88,265.84,265.86
2026-03-02 12:00:03.941680705,265.88,265.84,265.86
2026-03-02 12:00:03.942151255,265.87,265.84,265.855
2026-03-02 12:00:03.942170922,265.87,265.84,265.855
2026-03-02 12:00:03.942172509,265.87,265.84,265.855
2026-03-02 12:00:03.942178422,265.87,265.84,265.855
2026-03-02 12:00:03.942180164,265.87,265.84,265.855
2026-03-02 12:00:03.942195539,265.87,265.84,265.855
2026-03-02 12:00:03.942223989,265.87,265.84,265.855
2026-03-02 12:00:03.942287529,265.87,265.84,265.855
2026-03-02 12:00:03.942288409,265.87,265.84,265.855
2026-03-02 12:00:03.942288572,265.87,265.84,265.855
2026-03-02 12:00:03.942288705,265.87,265.84,265.855
2026-03-02 12:00:03.942288845,265.87,265.84,265.855
2026-03-02 12:00:03.942475613,265.87,265.84,265.855
2026-03-02 12:00:03.942771009,265.87,265.84,265.855
2026-03-02 12:00:03.942771246,265.87,265.84,265.855
2026-03-02 12:00:03.942772774,265.87,265.84,265.855
2026-03-02 12:00:03.942772920,265.87,265.84,265.855
2026-03-02 12:00:03.942773037,265.87,265.84,265.855
2026-03-02 12:00:03.942773136,265.87,265.84,265.855
2026-03-02 12:00:03.943126395,265.87,265.84,265.855
2026-03-02 12:00:03.943284698,265.87,265.84,265.855
2026-03-02 12:00:03.943570275,265.87,265.84,265.855
2026-03-02 12:00:03.943736800,265.87,265.84,265.855
2026-03-02 12:00:03.943737032,265.87,265.84,265.855
2026-03-02 12:00:03.943738014,265.87,265.84,265.855
2026-03-02 12:00:03.943738197,265.87,265.84,265.855
2026-03-02 12:00:03.943738428,265.87,265.84,265.855
2026-03-02 12:00:03.944822236,265.87,265.84,265.855
2026-03-02 12:00:03.951460497,265.87,265.84,265.855
2026-03-02 12:00:03.951489616,265.87,265.84,265.855
2026-03-02 12:00:03.951539543,265.87,265.84,265.855
2026-03-02 12:00:03.953208013,265.87,265.84,265.855
2026-03-02 12:00:03.953356749,265.87,265.84,265.855
2026-03-02 12:00:03.953570432,265.87,265.84,265.855
2026-03-02 12:00:03.955069513,265.87,265.84,265.855
2026-03-02 12:00:03.957591900,265.87,265.84,265.855
2026-03-02 12:00:03.963098286,265.87,265.84,265.855
2026-03-02 12:00:03.970615977,265.87,265.84,265.855
2026-03-02 12:00:04.035988905,265.87,265.85,265.86
2026-03-02 12:00:04.036015335,265.87,265.85,265.86
2026-03-02 12:00:04.036019218,265.87,265.85,265.86
2026-03-02 12:00:04.036026913,265.87,265.85,265.86
2026-03-02 12:00:04.036039771,265.87,265.85,265.86
2026-03-02 12:00:04.036041875,265.87,265.85,265.86
2026-03-02 12:00:04.042824085,265.87,265.85,265.86
2026-03-02 12:00:04.042837358,265.87,265.85,265.86
2026-03-02 12:00:04.042899427,265.87,265.85,265.86
2026-03-02 12:00:04.043658953,265.87,265.85,265.86
2026-03-02 12:00:04.043861502,265.87,265.85,265.86
2026-03-02 12:00:04.044265241,265.87,265.85,265.86
2026-03-02 12:00:04.055964055,265.87,265.85,265.86
2026-03-02 12:00:04.055991284,265.87,265.85,265.86
2026-03-02 12:00:04.056018464,265.87,265.85,265.86
2026-03-02 12:00:04.056022732,265.87,265.85,265.86
2026-03-02 12:00:04.056063863,265.87,265.85,265.86
2026-03-02 12:00:04.056095621,265.87,265.85,265.86
2026-03-02 12:00:04.056129299,265.87,265.85,265.86
2026-03-02 12:00:04.064676853,265.88,265.85,265.865
2026-03-02 12:00:04.064713024,265.88,265.85,265.865
2026-03-02 12:00:04.113734384,265.88,265.85,265.865
2026-03-02 12:00:04.113768692,265.88,265.85,265.865
2026-03-02 12:00:04.115142475,265.88,265.85,265.865
2026-03-02 12:00:04.115143392,265.88,265.85,265.865
2026-03-02 12:00:04.115144286,265.88,265.85,265.865
2026-03-02 12:00:04.115145276,265.88,265.85,265.865
2026-03-02 12:00:04.115145495,265.88,265.85,265.865
2026-03-02 12:00:04.121352808,265.88,265.85,265.865
2026-03-02 12:00:04.121370264,265.88,265.85,265.865
2026-03-02 12:00:04.121370632,265.88,265.85,265.865
2026-03-02 12:00:04.121372783,265.88,265.86,265.87
2026-03-02 12:00:04.121382569,265.88,265.86,265.87
2026-03-02 12:00:04.121397180,265.88,265.86,265.87
2026-03-02 12:00:04.121410541,265.88,265.86,265.87
2026-03-02 12:00:04.121413840,265.88,265.86,265.87
2026-03-02 12:00:04.121420710,265.88,265.86,265.87
2026-03-02 12:00:04.121424595,265.88,265.86,265.87
2026-03-02 12:00:04.121434836,265.88,265.86,265.87
2026-03-02 12:00:04.121443983,265.88,265.86,265.87
2026-03-02 12:00:04.121447075,265.88,265.86,265.87
2026-03-02 12:00:04.121460626,265.88,265.86,265.87
2026-03-02 12:00:04.121581889,265.88,265.86,265.87
2026-03-02 12:00:04.121582234,265.88,265.86,265.87
2026-03-02 12:00:04.121583296,265.88,265.86,265.87
2026-03-02 12:00:04.121583498,265.88,265.86,265.87
2026-03-02 12:00:04.121583731,265.88,265.86,265.87
2026-03-02 12:00:04.121769095,265.88,265.86,265.87
2026-03-02 12:00:04.121819712,265.88,265.86,265.87
2026-03-02 12:00:04.121833521,265.88,265.86,265.87
2026-03-02 12:00:04.121922286,265.88,265.86,265.87
2026-03-02 12:00:04.122440758,265.88,265.86,265.87
2026-03-02 12:00:04.122442491,265.88,265.86,265.87
2026-03-02 12:00:04.122450187,265.89,265.86,265.875
2026-03-02 12:00:04.122451336,265.89,265.86,265.875
2026-03-02 12:00:04.122452495,265.89,265.86,265.875
2026-03-02 12:00:04.122453696,265.89,265.86,265.875
2026-03-02 12:00:04.122455104,265.89,265.86,265.875
2026-03-02 12:00:04.122456089,265.89,265.86,265.875
2026-03-02 12:00:04.122461975,265.89,265.86,265.875
2026-03-02 12:00:04.122478689,265.89,265.86,265.875
2026-03-02 12:00:04.122580896,265.89,265.86,265.875
2026-03-02 12:00:04.122591726,265.89,265.86,265.875
2026-03-02 12:00:04.122653201,265.89,265.86,265.875
2026-03-02 12:00:04.122873999,265.89,265.86,265.875
2026-03-02 12:00:04.122904019,265.89,265.86,265.875
2026-03-02 12:00:04.122971416,265.89,265.86,265.875
2026-03-02 12:00:04.123314204,265.89,265.86,265.875
2026-03-02 12:00:04.123315109,265.89,265.86,265.875
2026-03-02 12:00:04.123315339,265.89,265.86,265.875
2026-03-02 12:00:04.123315508,265.89,265.86,265.875
2026-03-02 12:00:04.123315659,265.89,265.86,265.875
2026-03-02 12:00:04.123415112,265.89,265.86,265.875
2026-03-02 12:00:04.123453063,265.89,265.86,265.875
2026-03-02 12:00:04.123817191,265.89,265.86,265.875
2026-03-02 12:00:04.123852727,265.89,265.86,265.875
2026-03-02 12:00:04.123904810,265.89,265.86,265.875
2026-03-02 12:00:04.125722463,265.89,265.86,265.875
2026-03-02 12:00:04.125794890,265.89,265.86,265.875
2026-03-02 12:00:04.125853326,265.89,265.86,265.875
2026-03-02 12:00:04.134101697,265.89,265.86,265.875
2026-03-02 12:00:04.134158663,265.89,265.86,265.875
2026-03-02 12:00:04.134188409,265.89,265.86,265.875
2026-03-02 12:00:04.134306759,265.89,265.86,265.875
2026-03-02 12:00:04.135925679,265.89,265.86,265.875
2026-03-02 12:00:04.135987421,265.89,265.86,265.875
2026-03-02 12:00:04.136309648,265.89,265.86,265.875
2026-03-02 12:00:04.141326416,265.89,265.86,265.875
2026-03-02 12:00:04.141334685,265.89,265.86,265.875
2026-03-02 12:00:04.141422815,265.89,265.86,265.875
2026-03-02 12:00:04.141423809,265.89,265.86,265.875
2026-03-02 12:00:04.141423924,265.89,265.86,265.875
2026-03-02 12:00:04.141424206,265.89,265.86,265.875
2026-03-02 12:00:04.141424422,265.89,265.86,265.875
2026-03-02 12:00:04.141425269,265.89,265.86,265.875
2026-03-02 12:00:04.141455710,265.89,265.86,265.875
2026-03-02 12:00:04.141632764,265.89,265.86,265.875
2026-03-02 12:00:04.141724673,265.89,265.86,265.875
2026-03-02 12:00:04.141872555,265.89,265.86,265.875
2026-03-02 12:00:04.141906825,265.88,265.86,265.87
2026-03-02 12:00:04.141936512,265.88,265.86,265.87
2026-03-02 12:00:04.142159665,265.88,265.86,265.87
2026-03-02 12:00:04.145879392,265.88,265.86,265.87
2026-03-02 12:00:04.162823400,265.88,265.86,265.87
2026-03-02 12:00:04.183534563,265.88,265.86,265.87
2026-03-02 12:00:04.183842352,265.88,265.85,265.865
2026-03-02 12:00:04.183863797,265.87,265.85,265.86
2026-03-02 12:00:04.183870528,265.87,265.85,265.86
2026-03-02 12:00:04.183872241,265.87,265.85,265.86
2026-03-02 12:00:04.183880238,265.87,265.85,265.86
2026-03-02 12:00:04.183881378,265.87,265.85,265.86
2026-03-02 12:00:04.183882609,265.87,265.85,265.86
2026-03-02 12:00:04.183882781,265.87,265.85,265.86
2026-03-02 12:00:04.183886592,265.87,265.85,265.86
2026-03-02 12:00:04.183886789,265.87,265.85,265.86
2026-03-02 12:00:04.183895402,265.87,265.85,265.86
2026-03-02 12:00:04.183900330,265.87,265.85,265.86
2026-03-02 12:00:04.183901833,265.87,265.85,265.86
2026-03-02 12:00:04.183907551,265.87,265.85,265.86
2026-03-02 12:00:04.183913429,265.87,265.85,265.86
2026-03-02 12:00:04.183917749,265.87,265.85,265.86
2026-03-02 12:00:04.183925291,265.87,265.85,265.86
2026-03-02 12:00:04.184093894,265.87,265.85,265.86
2026-03-02 12:00:04.184135025,265.87,265.85,265.86
2026-03-02 12:00:04.184253889,265.87,265.85,265.86
2026-03-02 12:00:04.184335616,265.87,265.85,265.86
2026-03-02 12:00:04.184416370,265.87,265.85,265.86
2026-03-02 12:00:04.184421498,265.87,265.85,265.86
2026-03-02 12:00:04.184426213,265.87,265.85,265.86
2026-03-02 12:00:04.184493907,265.87,265.85,265.86
2026-03-02 12:00:04.184494939,265.87,265.85,265.86
2026-03-02 12:00:04.184495147,265.87,265.85,265.86
2026-03-02 12:00:04.184495544,265.87,265.85,265.86
2026-03-02 12:00:04.184495628,265.87,265.85,265.86
2026-03-02 12:00:04.184495724,265.87,265.85,265.86
2026-03-02 12:00:04.185193728,265.87,265.85,265.86
2026-03-02 12:00:04.185707950,265.87,265.85,265.86
2026-03-02 12:00:04.185966556,265.87,265.85,265.86
2026-03-02 12:00:04.283852569,265.87,265.84,265.855
2026-03-02 12:00:04.283874715,265.86,265.84,265.85
2026-03-02 12:00:04.283874910,265.86,265.84,265.85
2026-03-02 12:00:04.283875978,265.86,265.84,265.85
2026-03-02 12:00:04.283883806,265.86,265.84,265.85
2026-03-02 12:00:04.283884757,265.86,265.84,265.85
2026-03-02 12:00:04.283885126,265.86,265.83,265.845
2026-03-02 12:00:04.283888683,265.86,265.83,265.845
2026-03-02 12:00:04.283888930,265.86,265.83,265.845
2026-03-02 12:00:04.283890474,265.86,265.83,265.845
2026-03-02 12:00:04.283894093,265.86,265.83,265.845
2026-03-02 12:00:04.283900110,265.86,265.83,265.845
2026-03-02 12:00:04.283900950,265.86,265.83,265.845
2026-03-02 12:00:04.283906636,265.86,265.83,265.845
2026-03-02 12:00:04.283914831,265.86,265.83,265.845
2026-03-02 12:00:04.283915681,265.86,265.83,265.845
2026-03-02 12:00:04.283919042,265.86,265.83,265.845
2026-03-02 12:00:04.283927342,265.86,265.83,265.845
2026-03-02 12:00:04.283928168,265.86,265.83,265.845
2026-03-02 12:00:04.283929069,265.86,265.83,265.845
2026-03-02 12:00:04.283929415,265.86,265.83,265.845
2026-03-02 12:00:04.283930415,265.86,265.83,265.845
2026-03-02 12:00:04.283930608,265.86,265.83,265.845
2026-03-02 12:00:04.283940837,265.86,265.83,265.845
2026-03-02 12:00:04.284073704,265.86,265.83,265.845
2026-03-02 12:00:04.284074556,265.86,265.83,265.845
2026-03-02 12:00:04.284074846,265.86,265.83,265.845
2026-03-02 12:00:04.284074941,265.86,265.83,265.845
2026-03-02 12:00:04.284075146,265.86,265.83,265.845
2026-03-02 12:00:04.284075290,265.86,265.83,265.845
2026-03-02 12:00:04.284139544,265.86,265.83,265.845
2026-03-02 12:00:04.284200823,265.86,265.83,265.845
2026-03-02 12:00:04.284201803,265.86,265.83,265.845
2026-03-02 12:00:04.284201997,265.86,265.83,265.845
2026-03-02 12:00:04.284202157,265.86,265.83,265.845
2026-03-02 12:00:04.284202268,265.86,265.83,265.845
2026-03-02 12:00:04.284202415,265.86,265.83,265.845
2026-03-02 12:00:04.284219346,265.86,265.83,265.845
2026-03-02 12:00:04.284220223,265.86,265.83,265.845
2026-03-02 12:00:04.284220488,265.86,265.83,265.845
2026-03-02 12:00:04.284221553,265.86,265.83,265.845
2026-03-02 12:00:04.284221673,265.86,265.83,265.845
2026-03-02 12:00:04.284332010,265.86,265.83,265.845
2026-03-02 12:00:04.284337733,265.86,265.83,265.845
2026-03-02 12:00:04.284338726,265.86,265.83,265.845
2026-03-02 12:00:04.284339847,265.86,265.83,265.845
2026-03-02 12:00:04.284342271,265.86,265.83,265.845
2026-03-02 12:00:04.284347317,265.86,265.83,265.845
2026-03-02 12:00:04.284348849,265.86,265.83,265.845
2026-03-02 12:00:04.284370975,265.86,265.83,265.845
2026-03-02 12:00:04.284381468,265.86,265.83,265.845
2026-03-02 12:00:04.284395220,265.86,265.83,265.845
2026-03-02 12:00:04.284431907,265.86,265.83,265.845
2026-03-02 12:00:04.284439591,265.86,265.83,265.845
2026-03-02 12:00:04.284489146,265.85,265.83,265.84
2026-03-02 12:00:04.284489360,265.85,265.83,265.84
2026-03-02 12:00:04.284490974,265.85,265.83,265.84
2026-03-02 12:00:04.284492056,265.85,265.83,265.84
2026-03-02 12:00:04.284493159,265.85,265.83,265.84
2026-03-02 12:00:04.284493344,265.85,265.83,265.84
2026-03-02 12:00:04.284493532,265.85,265.83,265.84
2026-03-02 12:00:04.284497475,265.85,265.83,265.84
2026-03-02 12:00:04.284503855,265.85,265.83,265.84
2026-03-02 12:00:04.284518030,265.85,265.83,265.84
2026-03-02 12:00:04.284527940,265.85,265.83,265.84
2026-03-02 12:00:04.284538119,265.85,265.83,265.84
2026-03-02 12:00:04.284559350,265.85,265.83,265.84
2026-03-02 12:00:04.284971584,265.85,265.83,265.84
2026-03-02 12:00:04.285007311,265.85,265.83,265.84
2026-03-02 12:00:04.285141638,265.85,265.83,265.84
2026-03-02 12:00:04.285142635,265.85,265.83,265.84
2026-03-02 12:00:04.285142775,265.85,265.83,265.84
2026-03-02 12:00:04.285142939,265.85,265.83,265.84
2026-03-02 12:00:04.285143113,265.85,265.83,265.84
2026-03-02 12:00:04.285672000,265.85,265.83,265.84
2026-03-02 12:00:04.285693945,265.85,265.83,265.84
2026-03-02 12:00:04.285694221,265.85,265.83,265.84
2026-03-02 12:00:04.285695332,265.85,265.83,265.84
2026-03-02 12:00:04.285695530,265.85,265.83,265.84
2026-03-02 12:00:04.285695653,265.85,265.83,265.84
2026-03-02 12:00:04.285697451,265.85,265.83,265.84
2026-03-02 12:00:04.285702469,265.85,265.83,265.84
2026-03-02 12:00:04.286238166,265.85,265.83,265.84
2026-03-02 12:00:04.286346930,265.85,265.83,265.84
2026-03-02 12:00:04.286387454,265.85,265.83,265.84
2026-03-02 12:00:04.286449872,265.85,265.83,265.84
2026-03-02 12:00:04.286458238,265.85,265.83,265.84
2026-03-02 12:00:04.286481028,265.85,265.83,265.84
2026-03-02 12:00:04.286481958,265.85,265.83,265.84
2026-03-02 12:00:04.286482269,265.85,265.83,265.84
2026-03-02 12:00:04.286482453,265.85,265.83,265.84
2026-03-02 12:00:04.286482650,265.85,265.83,265.84
2026-03-02 12:00:04.286593990,265.85,265.83,265.84
2026-03-02 12:00:04.287700545,265.85,265.83,265.84
2026-03-02 12:00:04.287745249,265.85,265.83,265.84
2026-03-02 12:00:04.287791624,265.85,265.83,265.84
2026-03-02 12:00:04.292858957,265.85,265.83,265.84
2026-03-02 12:00:04.293053761,265.85,265.83,265.84
2026-03-02 12:00:04.293388402,265.84,265.83,265.835
2026-03-02 12:00:04.293414006,265.84,265.83,265.835
2026-03-02 12:00:04.293441264,265.84,265.83,265.835
2026-03-02 12:00:04.293449226,265.84,265.83,265.835
2026-03-02 12:00:04.293466310,265.84,265.83,265.835
2026-03-02 12:00:04.293491658,265.85,265.83,265.84
2026-03-02 12:00:04.293493525,265.85,265.83,265.84
2026-03-02 12:00:04.293515225,265.85,265.83,265.84
2026-03-02 12:00:04.293544922,265.85,265.83,265.84
2026-03-02 12:00:04.293550987,265.85,265.83,265.84
2026-03-02 12:00:04.296360189,265.85,265.83,265.84
2026-03-02 12:00:04.296360519,265.85,265.83,265.84
2026-03-02 12:00:04.296361453,265.85,265.83,265.84
2026-03-02 12:00:04.296361728,265.85,265.83,265.84
2026-03-02 12:00:04.296361950,265.85,265.83,265.84
2026-03-02 12:00:04.297036529,265.85,265.83,265.84
2026-03-02 12:00:04.302257254,265.86,265.83,265.845
2026-03-02 12:00:04.302282625,265.86,265.83,265.845
2026-03-02 12:00:04.303039971,265.86,265.83,265.845
2026-03-02 12:00:04.303040893,265.86,265.83,265.845
2026-03-02 12:00:04.303041036,265.86,265.83,265.845
2026-03-02 12:00:04.303041186,265.86,265.83,265.845
2026-03-02 12:00:04.303041311,265.86,265.83,265.845
2026-03-02 12:00:04.303579593,265.86,265.83,265.845
2026-03-02 12:00:04.303614905,265.86,265.83,265.845
2026-03-02 12:00:04.303832476,265.86,265.83,265.845
2026-03-02 12:00:04.304411509,265.86,265.83,265.845
2026-03-02 12:00:04.304411936,265.86,265.83,265.845
2026-03-02 12:00:04.304412116,265.86,265.83,265.845
2026-03-02 12:00:04.304413170,265.86,265.83,265.845
2026-03-02 12:00:04.304413300,265.86,265.83,265.845
2026-03-02 12:00:04.311159896,265.86,265.83,265.845
2026-03-02 12:00:04.318759752,265.86,265.83,265.845
2026-03-02 12:00:04.319326900,265.86,265.83,265.845
2026-03-02 12:00:04.319861089,265.86,265.83,265.845
2026-03-02 12:00:04.341365017,265.86,265.83,265.845
2026-03-02 12:00:04.398377785,265.86,265.83,265.845
2026-03-02 12:00:04.434140110,265.86,265.83,265.845
2026-03-02 12:00:04.434165063,265.86,265.83,265.845
2026-03-02 12:00:04.434169809,265.86,265.83,265.845
2026-03-02 12:00:04.434175624,265.86,265.83,265.845
2026-03-02 12:00:04.438637082,265.86,265.83,265.845
2026-03-02 12:00:04.441520715,265.86,265.83,265.845
2026-03-02 12:00:04.469923623,265.86,265.83,265.845
2026-03-02 12:00:04.552061384,265.86,265.83,265.845
2026-03-02 12:00:04.566445092,265.86,265.83,265.845
2026-03-02 12:00:04.654049204,265.86,265.83,265.845
2026-03-02 12:00:04.654081326,265.86,265.84,265.85
2026-03-02 12:00:04.654134421,265.86,265.84,265.85
2026-03-02 12:00:04.654155005,265.86,265.84,265.85
2026-03-02 12:00:04.654312567,265.86,265.84,265.85
2026-03-02 12:00:04.654844911,265.86,265.84,265.85
2026-03-02 12:00:04.657558975,265.86,265.84,265.85
2026-03-02 12:00:04.657978610,265.86,265.84,265.85
2026-03-02 12:00:04.659714881,265.86,265.84,265.85
2026-03-02 12:00:04.668313433,265.86,265.84,265.85
2026-03-02 12:00:04.694686826,265.86,265.84,265.85
2026-03-02 12:00:04.735395745,265.86,265.84,265.85
2026-03-02 12:00:04.735452624,265.86,265.83,265.845
2026-03-02 12:00:04.735516025,265.86,265.83,265.845
2026-03-02 12:00:04.735556451,265.86,265.83,265.845
2026-03-02 12:00:04.735619312,265.86,265.83,265.845
2026-03-02 12:00:04.748403028,265.86,265.83,265.845
2026-03-02 12:00:04.748583247,265.86,265.83,265.845
2026-03-02 12:00:04.752574730,265.86,265.83,265.845
2026-03-02 12:00:04.756900025,265.86,265.83,265.845
2026-03-02 12:00:04.756901905,265.86,265.83,265.845
2026-03-02 12:00:04.756902074,265.86,265.83,265.845
2026-03-02 12:00:04.756903524,265.86,265.83,265.845
2026-03-02 12:00:04.756903695,265.86,265.83,265.845
2026-03-02 12:00:04.756906625,265.86,265.83,265.845
2026-03-02 12:00:04.756936587,265.86,265.83,265.845
2026-03-02 12:00:04.756967888,265.85,265.83,265.84
2026-03-02 12:00:04.756981288,265.85,265.83,265.84
2026-03-02 12:00:04.756994652,265.85,265.83,265.84
2026-03-02 12:00:04.756996373,265.85,265.83,265.84
2026-03-02 12:00:04.757004432,265.85,265.83,265.84
2026-03-02 12:00:04.757068766,265.85,265.83,265.84
2026-03-02 12:00:04.757070247,265.85,265.83,265.84
2026-03-02 12:00:04.757099076,265.85,265.83,265.84
2026-03-02 12:00:04.757111012,265.85,265.83,265.84
2026-03-02 12:00:04.757278453,265.85,265.83,265.84
2026-03-02 12:00:04.757301445,265.85,265.83,265.84
2026-03-02 12:00:04.757647075,265.85,265.83,265.84
2026-03-02 12:00:04.757648570,265.85,265.83,265.84
2026-03-02 12:00:04.757649827,265.85,265.83,265.84
2026-03-02 12:00:04.757651289,265.85,265.83,265.84
2026-03-02 12:00:04.757652608,265.85,265.83,265.84
2026-03-02 12:00:04.757652909,265.85,265.83,265.84
2026-03-02 12:00:04.758852035,265.85,265.83,265.84
2026-03-02 12:00:04.759739170,265.85,265.83,265.84
2026-03-02 12:00:04.759765533,265.85,265.83,265.84
2026-03-02 12:00:04.760922671,265.85,265.83,265.84
2026-03-02 12:00:04.761664735,265.85,265.83,265.84
2026-03-02 12:00:04.766434205,265.85,265.83,265.84
2026-03-02 12:00:04.766474434,265.85,265.83,265.84
2026-03-02 12:00:04.767401566,265.85,265.83,265.84
2026-03-02 12:00:04.767435523,265.86,265.83,265.845
2026-03-02 12:00:04.774487273,265.86,265.83,265.845
2026-03-02 12:00:04.778606661,265.85,265.83,265.84
2026-03-02 12:00:04.778637717,265.85,265.83,265.84
2026-03-02 12:00:04.800583882,265.85,265.83,265.84
2026-03-02 12:00:04.800614110,265.85,265.83,265.84
2026-03-02 12:00:04.800793061,265.85,265.83,265.84
2026-03-02 12:00:04.807641337,265.85,265.83,265.84
2026-03-02 12:00:04.807667261,265.85,265.83,265.84
2026-03-02 12:00:04.807668168,265.85,265.83,265.84
2026-03-02 12:00:04.807699167,265.85,265.83,265.84
2026-03-02 12:00:04.807702209,265.85,265.83,265.84
2026-03-02 12:00:04.807794777,265.85,265.83,265.84
2026-03-02 12:00:04.809698247,265.85,265.83,265.84
2026-03-02 12:00:04.809699219,265.85,265.83,265.84
2026-03-02 12:00:04.809700117,265.85,265.83,265.84
2026-03-02 12:00:04.809701389,265.85,265.83,265.84
2026-03-02 12:00:04.809701556,265.85,265.83,265.84
2026-03-02 12:00:04.809702604,265.85,265.83,265.84
2026-03-02 12:00:04.832531804,265.86,265.83,265.845
2026-03-02 12:00:04.894608028,265.86,265.83,265.845
2026-03-02 12:00:04.895841518,265.86,265.83,265.845
2026-03-02 12:00:04.895842868,265.86,265.83,265.845
2026-03-02 12:00:04.895843306,265.86,265.83,265.845
2026-03-02 12:00:04.895844740,265.86,265.83,265.845
2026-03-02 12:00:04.895845106,265.86,265.83,265.845
2026-03-02 12:00:04.920394903,265.86,265.84,265.85
2026-03-02 12:00:04.920406027,265.86,265.84,265.85
2026-03-02 12:00:04.920425774,265.86,265.84,265.85
2026-03-02 12:00:04.920455947,265.86,265.84,265.85
2026-03-02 12:00:04.920458162,265.86,265.84,265.85
2026-03-02 12:00:04.920906766,265.86,265.84,265.85
2026-03-02 12:00:04.940333564,265.86,265.83,265.845
2026-03-02 12:00:04.940366459,265.86,265.83,265.845
2026-03-02 12:00:04.940371794,265.85,265.83,265.84
2026-03-02 12:00:04.940375344,265.85,265.83,265.84
2026-03-02 12:00:04.940377746,265.85,265.83,265.84
2026-03-02 12:00:04.940378737,265.85,265.83,265.84
2026-03-02 12:00:04.940389887,265.85,265.83,265.84
2026-03-02 12:00:04.940393493,265.85,265.83,265.84
2026-03-02 12:00:04.940400272,265.85,265.83,265.84
2026-03-02 12:00:04.940403802,265.85,265.83,265.84
2026-03-02 12:00:04.940407434,265.85,265.83,265.84
2026-03-02 12:00:04.940414532,265.85,265.83,265.84
2026-03-02 12:00:04.940470999,265.85,265.83,265.84
2026-03-02 12:00:04.940502687,265.85,265.83,265.84
2026-03-02 12:00:04.940998930,265.85,265.83,265.84
2026-03-02 12:00:04.940999912,265.85,265.83,265.84
2026-03-02 12:00:04.941000772,265.85,265.83,265.84
2026-03-02 12:00:04.941001975,265.85,265.83,265.84
2026-03-02 12:00:04.941002984,265.85,265.83,265.84
2026-03-02 12:00:04.941004100,265.85,265.83,265.84
2026-03-02 12:00:04.941142457,265.85,265.83,265.84
2026-03-02 12:00:04.941142765,265.85,265.83,265.84
2026-03-02 12:00:04.941143873,265.85,265.83,265.84
2026-03-02 12:00:04.941144095,265.85,265.83,265.84
2026-03-02 12:00:04.941144240,265.85,265.83,265.84
2026-03-02 12:00:04.941607309,265.85,265.83,265.84
2026-03-02 12:00:04.941608157,265.85,265.83,265.84
2026-03-02 12:00:04.941608370,265.85,265.83,265.84
2026-03-02 12:00:04.941608600,265.85,265.83,265.84
2026-03-02 12:00:04.941608787,265.85,265.83,265.84
2026-03-02 12:00:04.943164735,265.85,265.83,265.84
2026-03-02 12:00:04.961839495,265.85,265.83,265.84
2026-03-02 12:00:04.979929722,265.85,265.83,265.84
2026-03-02 12:00:04.984214974,265.85,265.83,265.84
2026-03-02 12:00:04.989641106,265.85,265.83,265.84
2026-03-02 12:00:04.993032153,265.85,265.83,265.84
2026-03-02 12:00:04.993067240,265.85,265.83,265.84
2026-03-02 12:00:05.007136937,265.85,265.83,265.84
2026-03-02 12:00:05.014114055,265.85,265.83,265.84
2026-03-02 12:00:05.086394126,265.85,265.83,265.84
2026-03-02 12:00:05.086426099,265.85,265.83,265.84
2026-03-02 12:00:05.113095550,265.85,265.83,265.84
2026-03-02 12:00:05.128311400,265.85,265.83,265.84
2026-03-02 12:00:05.128341748,265.85,265.83,265.84
2026-03-02 12:00:05.128502223,265.85,265.83,265.84
2026-03-02 12:00:05.139198375,265.85,265.83,265.84
2026-03-02 12:00:05.302790602,265.85,265.83,265.84
2026-03-02 12:00:05.303750768,265.85,265.83,265.84
2026-03-02 12:00:05.304017472,265.85,265.83,265.84
2026-03-02 12:00:05.390290515,265.85,265.83,265.84
2026-03-02 12:00:05.390300690,265.86,265.83,265.845
2026-03-02 12:00:05.390325421,265.86,265.83,265.845
2026-03-02 12:00:05.390406794,265.86,265.83,265.845
2026-03-02 12:00:05.390622384,265.86,265.84,265.85
2026-03-02 12:00:05.390652535,265.86,265.84,265.85
2026-03-02 12:00:05.390653435,265.86,265.84,265.85
2026-03-02 12:00:05.390667737,265.86,265.84,265.85
2026-03-02 12:00:05.390872196,265.86,265.84,265.85
2026-03-02 12:00:05.391391326,265.86,265.84,265.85
2026-03-02 12:00:05.391392289,265.86,265.84,265.85
2026-03-02 12:00:05.391393242,265.86,265.84,265.85
2026-03-02 12:00:05.391394444,265.86,265.84,265.85
2026-03-02 12:00:05.391395413,265.86,265.84,265.85
2026-03-02 12:00:05.400710126,265.86,265.84,265.85
2026-03-02 12:00:05.400735701,265.86,265.84,265.85
2026-03-02 12:00:05.401585298,265.86,265.84,265.85
2026-03-02 12:00:05.410653495,265.86,265.84,265.85
2026-03-02 12:00:05.410653649,265.86,265.84,265.85
2026-03-02 12:00:05.410661120,265.86,265.84,265.85
2026-03-02 12:00:05.411248446,265.86,265.84,265.85
2026-03-02 12:00:05.411249538,265.86,265.84,265.85
2026-03-02 12:00:05.411250670,265.86,265.84,265.85
2026-03-02 12:00:05.411251983,265.86,265.84,265.85
2026-03-02 12:00:05.411252261,265.86,265.84,265.85
2026-03-02 12:00:05.411253471,265.86,265.84,265.85
2026-03-02 12:00:05.411276682,265.86,265.84,265.85
2026-03-02 12:00:05.413888372,265.86,265.84,265.85
2026-03-02 12:00:05.413912569,265.87,265.84,265.855
2026-03-02 12:00:05.414232888,265.87,265.84,265.855
2026-03-02 12:00:05.414685201,265.87,265.84,265.855
2026-03-02 12:00:05.415551831,265.87,265.84,265.855
2026-03-02 12:00:05.418229147,265.87,265.84,265.855
2026-03-02 12:00:05.436079562,265.87,265.84,265.855
2026-03-02 12:00:05.457806187,265.87,265.84,265.855
2026-03-02 12:00:05.470495134,265.87,265.85,265.86
2026-03-02 12:00:05.470495342,265.87,265.85,265.86
2026-03-02 12:00:05.470525019,265.87,265.85,265.86
2026-03-02 12:00:05.470532180,265.87,265.85,265.86
2026-03-02 12:00:05.470546110,265.87,265.85,265.86
2026-03-02 12:00:05.470574178,265.87,265.85,265.86
2026-03-02 12:00:05.470693563,265.87,265.85,265.86
2026-03-02 12:00:05.471069721,265.87,265.85,265.86
2026-03-02 12:00:05.471114094,265.87,265.85,265.86
2026-03-02 12:00:05.471115577,265.87,265.85,265.86
2026-03-02 12:00:05.471115736,265.87,265.85,265.86
2026-03-02 12:00:05.471117014,265.87,265.85,265.86
2026-03-02 12:00:05.471118128,265.87,265.85,265.86
2026-03-02 12:00:05.471118235,265.87,265.85,265.86
2026-03-02 12:00:05.472629773,265.87,265.85,265.86
2026-03-02 12:00:05.473250446,265.87,265.85,265.86
2026-03-02 12:00:05.473251802,265.87,265.85,265.86
2026-03-02 12:00:05.473252144,265.87,265.85,265.86
2026-03-02 12:00:05.473253932,265.87,265.85,265.86
2026-03-02 12:00:05.473254190,265.87,265.85,265.86
2026-03-02 12:00:05.474796236,265.87,265.85,265.86
2026-03-02 12:00:05.476860678,265.87,265.85,265.86
2026-03-02 12:00:05.476877902,265.87,265.85,265.86
2026-03-02 12:00:05.476937949,265.87,265.85,265.86
2026-03-02 12:00:05.482336257,265.87,265.85,265.86
2026-03-02 12:00:05.484658214,265.87,265.85,265.86
2026-03-02 12:00:05.485420789,265.87,265.85,265.86
2026-03-02 12:00:05.488419347,265.87,265.85,265.86
2026-03-02 12:00:05.494516599,265.87,265.85,265.86
2026-03-02 12:00:05.514269311,265.87,265.85,265.86
2026-03-02 12:00:05.514294040,265.87,265.85,265.86
2026-03-02 12:00:05.514304158,265.87,265.85,265.86
2026-03-02 12:00:05.515780223,265.87,265.85,265.86
2026-03-02 12:00:05.515806587,265.87,265.85,265.86
2026-03-02 12:00:05.515849757,265.87,265.85,265.86
2026-03-02 12:00:05.515850823,265.87,265.85,265.86
2026-03-02 12:00:05.515851943,265.87,265.85,265.86
2026-03-02 12:00:05.515852085,265.87,265.85,265.86
2026-03-02 12:00:05.515853212,265.87,265.85,265.86
2026-03-02 12:00:05.515853298,265.87,265.85,265.86
2026-03-02 12:00:05.516301852,265.87,265.84,265.855
2026-03-02 12:00:05.558393751,265.87,265.84,265.855
2026-03-02 12:00:05.559381265,265.87,265.84,265.855
2026-03-02 12:00:05.559410475,265.87,265.84,265.855
2026-03-02 12:00:05.600634042,265.87,265.84,265.855
2026-03-02 12:00:05.600675891,265.87,265.85,265.86
2026-03-02 12:00:05.600705059,265.87,265.85,265.86
2026-03-02 12:00:05.600707712,265.87,265.85,265.86
2026-03-02 12:00:05.600940592,265.87,265.85,265.86
2026-03-02 12:00:05.601112071,265.87,265.85,265.86
2026-03-02 12:00:05.601112199,265.87,265.85,265.86
2026-03-02 12:00:05.601112546,265.87,265.85,265.86
2026-03-02 12:00:05.601113902,265.87,265.85,265.86
2026-03-02 12:00:05.601114113,265.87,265.85,265.86
2026-03-02 12:00:05.601115297,265.87,265.85,265.86
2026-03-02 12:00:05.601236441,265.87,265.85,265.86
2026-03-02 12:00:05.601245754,265.87,265.85,265.86
2026-03-02 12:00:05.601707245,265.87,265.85,265.86
2026-03-02 12:00:05.602354572,265.87,265.85,265.86
2026-03-02 12:00:05.602704635,265.88,265.85,265.865
2026-03-02 12:00:05.602816041,265.88,265.85,265.865
2026-03-02 12:00:05.602854153,265.88,265.86,265.87
2026-03-02 12:00:05.602856995,265.88,265.86,265.87
2026-03-02 12:00:05.602857181,265.88,265.86,265.87
2026-03-02 12:00:05.602857341,265.88,265.86,265.87
2026-03-02 12:00:05.602866924,265.88,265.86,265.87
2026-03-02 12:00:05.602894800,265.88,265.86,265.87
2026-03-02 12:00:05.602904076,265.88,265.86,265.87
2026-03-02 12:00:05.602921953,265.88,265.86,265.87
2026-03-02 12:00:05.602962600,265.88,265.86,265.87
2026-03-02 12:00:05.602972491,265.88,265.86,265.87
2026-03-02 12:00:05.603009813,265.88,265.86,265.87
2026-03-02 12:00:05.603114207,265.88,265.86,265.87
2026-03-02 12:00:05.603168410,265.88,265.86,265.87
2026-03-02 12:00:05.603213482,265.88,265.86,265.87
2026-03-02 12:00:05.603214191,265.88,265.86,265.87
2026-03-02 12:00:05.603220234,265.88,265.86,265.87
2026-03-02 12:00:05.603291553,265.88,265.86,265.87
2026-03-02 12:00:05.603308920,265.88,265.86,265.87
2026-03-02 12:00:05.603329688,265.88,265.86,265.87
2026-03-02 12:00:05.603378830,265.88,265.86,265.87
2026-03-02 12:00:05.603426251,265.88,265.86,265.87
2026-03-02 12:00:05.603426429,265.88,265.86,265.87
2026-03-02 12:00:05.603429498,265.88,265.86,265.87
2026-03-02 12:00:05.603429678,265.88,265.86,265.87
2026-03-02 12:00:05.603429800,265.88,265.86,265.87
2026-03-02 12:00:05.603429985,265.88,265.86,265.87
2026-03-02 12:00:05.603466849,265.88,265.86,265.87
2026-03-02 12:00:05.603466985,265.88,265.86,265.87
2026-03-02 12:00:05.603467154,265.88,265.86,265.87
2026-03-02 12:00:05.603467379,265.88,265.86,265.87
2026-03-02 12:00:05.603472449,265.88,265.86,265.87
2026-03-02 12:00:05.604005521,265.88,265.86,265.87
2026-03-02 12:00:05.604101017,265.88,265.86,265.87
2026-03-02 12:00:05.604228830,265.89,265.86,265.875
2026-03-02 12:00:05.604247678,265.89,265.86,265.875
2026-03-02 12:00:05.604250230,265.89,265.86,265.875
2026-03-02 12:00:05.604263723,265.89,265.86,265.875
2026-03-02 12:00:05.604281379,265.89,265.86,265.875
2026-03-02 12:00:05.604292368,265.89,265.86,265.875
2026-03-02 12:00:05.605059720,265.89,265.86,265.875
2026-03-02 12:00:05.605863351,265.89,265.86,265.875
2026-03-02 12:00:05.607773913,265.89,265.86,265.875
2026-03-02 12:00:05.607807612,265.89,265.86,265.875
2026-03-02 12:00:05.608111901,265.89,265.86,265.875
2026-03-02 12:00:05.608204895,265.89,265.86,265.875
2026-03-02 12:00:05.608304997,265.89,265.86,265.875
2026-03-02 12:00:05.608309180,265.89,265.86,265.875
2026-03-02 12:00:05.610234000,265.89,265.86,265.875
2026-03-02 12:00:05.610234980,265.89,265.86,265.875
2026-03-02 12:00:05.610235387,265.89,265.86,265.875
2026-03-02 12:00:05.610236926,265.89,265.86,265.875
2026-03-02 12:00:05.610237097,265.89,265.86,265.875
2026-03-02 12:00:05.610237296,265.89,265.86,265.875
2026-03-02 12:00:05.611649953,265.89,265.86,265.875
2026-03-02 12:00:05.613912414,265.89,265.86,265.875
2026-03-02 12:00:05.614530354,265.89,265.86,265.875
2026-03-02 12:00:05.615074682,265.89,265.86,265.875
2026-03-02 12:00:05.615536085,265.89,265.86,265.875
2026-03-02 12:00:05.618709133,265.89,265.86,265.875
2026-03-02 12:00:05.620804443,265.89,265.86,265.875
2026-03-02 12:00:05.620804761,265.89,265.86,265.875
2026-03-02 12:00:05.620805967,265.89,265.86,265.875
2026-03-02 12:00:05.620806090,265.89,265.86,265.875
2026-03-02 12:00:05.620807260,265.89,265.86,265.875
2026-03-02 12:00:05.620807384,265.89,265.86,265.875
2026-03-02 12:00:05.620830537,265.89,265.86,265.875
2026-03-02 12:00:05.621399925,265.89,265.86,265.875
2026-03-02 12:00:05.621694453,265.89,265.86,265.875
2026-03-02 12:00:05.621695917,265.89,265.86,265.875
2026-03-02 12:00:05.621697445,265.89,265.86,265.875
2026-03-02 12:00:05.621697743,265.89,265.86,265.875
2026-03-02 12:00:05.621697933,265.89,265.86,265.875
2026-03-02 12:00:05.621964964,265.89,265.86,265.875
2026-03-02 12:00:05.625402393,265.89,265.86,265.875
2026-03-02 12:00:05.625430824,265.89,265.86,265.875
2026-03-02 12:00:05.625440580,265.89,265.87,265.88
2026-03-02 12:00:05.625443462,265.89,265.87,265.88
2026-03-02 12:00:05.625451884,265.89,265.87,265.88
2026-03-02 12:00:05.625470694,265.89,265.87,265.88
2026-03-02 12:00:05.625472524,265.89,265.87,265.88
2026-03-02 12:00:05.625501939,265.89,265.87,265.88
2026-03-02 12:00:05.625512276,265.89,265.87,265.88
2026-03-02 12:00:05.626284510,265.89,265.87,265.88
2026-03-02 12:00:05.626284943,265.89,265.87,265.88
2026-03-02 12:00:05.626286033,265.89,265.87,265.88
2026-03-02 12:00:05.626286200,265.89,265.87,265.88
2026-03-02 12:00:05.626286312,265.89,265.87,265.88
2026-03-02 12:00:05.626300529,265.89,265.87,265.88
2026-03-02 12:00:05.626301528,265.89,265.87,265.88
2026-03-02 12:00:05.626301753,265.89,265.87,265.88
2026-03-02 12:00:05.626302020,265.89,265.87,265.88
2026-03-02 12:00:05.626302154,265.89,265.87,265.88
2026-03-02 12:00:05.628540150,265.89,265.87,265.88
2026-03-02 12:00:05.628576129,265.89,265.87,265.88
2026-03-02 12:00:05.628625522,265.89,265.87,265.88
2026-03-02 12:00:05.630221768,265.89,265.87,265.88
2026-03-02 12:00:05.630257456,265.89,265.87,265.88
2026-03-02 12:00:05.630528950,265.89,265.87,265.88
2026-03-02 12:00:05.630847663,265.89,265.87,265.88
2026-03-02 12:00:05.634413533,265.89,265.87,265.88
2026-03-02 12:00:05.634506384,265.89,265.87,265.88
2026-03-02 12:00:05.634507222,265.89,265.87,265.88
2026-03-02 12:00:05.634507659,265.89,265.87,265.88
2026-03-02 12:00:05.634507943,265.89,265.87,265.88
2026-03-02 12:00:05.634508298,265.89,265.87,265.88
2026-03-02 12:00:05.634509214,265.89,265.87,265.88
2026-03-02 12:00:05.635104141,265.89,265.87,265.88
2026-03-02 12:00:05.635212422,265.89,265.87,265.88
2026-03-02 12:00:05.639868782,265.89,265.87,265.88
2026-03-02 12:00:05.639869083,265.89,265.87,265.88
2026-03-02 12:00:05.639870113,265.89,265.87,265.88
2026-03-02 12:00:05.639870315,265.89,265.87,265.88
2026-03-02 12:00:05.639870402,265.89,265.87,265.88
2026-03-02 12:00:05.639870548,265.89,265.87,265.88
2026-03-02 12:00:05.639895912,265.88,265.87,265.875
2026-03-02 12:00:05.639896202,265.88,265.87,265.875
2026-03-02 12:00:05.639896478,265.88,265.87,265.875
2026-03-02 12:00:05.639897570,265.88,265.87,265.875
2026-03-02 12:00:05.639897724,265.88,265.87,265.875
2026-03-02 12:00:05.639897855,265.88,265.87,265.875
2026-03-02 12:00:05.640039137,265.88,265.87,265.875
2026-03-02 12:00:05.640481930,265.88,265.87,265.875
2026-03-02 12:00:05.640482801,265.88,265.87,265.875
2026-03-02 12:00:05.640483021,265.88,265.87,265.875
